3028 5138
568 734 644 794 ad
709 733 1027 812 imperium
1087 733 1431 793 ascendisse
1498 730 1928 799 concedamuS,
1995 724 2288 785 Germani
2355 721 2575 798 tamen,

512 845 519 852 '
568 839 684 897 etsi
734 856 1029 897 summum
1079 836 1340 896 studium
1391 833 1600 890 latinis
1647 831 1843 890 literis
1891 829 2334 906 impendentes,
2381 828 2575 906 magis

567 915 950 1017 peregrinam
988 938 1258 1015 linguam
1298 936 1426 994 suis
1466 932 1768 1003 sensibus,
1810 950 1987 1010 quam
2016 949 2161 991 suos
2190 928 2403 990 sensus
2442 949 2576 1007 per-

569 1042 814 1120 egrinae
853 1041 1098 1118 linguae
1125 1039 1615 1097 accommodasse
1641 1036 1939 1094 videntur.
1981 1067 2057 1075 —
2099 1030 2222 1092 Sed
2248 1051 2369 1091 non
2396 1031 2575 1089 modo

569 1143 781 1201 formis
822 1140 1244 1200 artificialibus
1293 1140 1670 1216 syntheticae
1716 1137 1961 1214 linguae
2010 1135 2236 1194 latinae
2269 1133 2578 1192 'excidium

566 1244 914 1322 parabatur,
954 1263 1161 1302 verum
1203 1243 1384 1300 etiam
1427 1243 1481 1302 si
1521 1240 1740 1320 quibus
1786 1239 1968 1297 rebus
2010 1237 2398 1315 designandis
2440 1242 2582 1312 apta

568 1345 761 1405 latina
798 1347 1046 1404 nomina
1086 1347 1361 1417 deerant,
1403 1344 1652 1402 nomina
1687 1361 1766 1400 ex
1804 1342 2077 1417 ipsorum
2117 1340 2326 1416 lingua
2364 1338 2582 1394 hausta

570 1447 928 1506 inferebant.
1031 1447 1132 1506 Ex
1196 1447 1311 1504 hac
1376 1446 1564 1524 igitur
1625 1441 1986 1522 germanicis
2046 1439 2358 1497 elementis
2419 1457 2578 1497 com-

569 1550 764 1607 mixta
800 1549 992 1607 latina
1031 1550 1258 1626 lingua,
1297 1546 1760 1623 franco-gallica
1797 1542 2043 1620 prodire
2083 1541 2301 1616 coepit.

722 1648 1020 1708 Nonnulli
1049 1650 1112 1707 in
1139 1650 1349 1726 lingua
1371 1649 1603 1706 rustica
1626 1665 1878 1704 romana
1904 1665 1942 1702 a
1965 1644 2278 1702 literarum
2306 1644 2580 1702 oratione

568 1769 820 1829 prorsus
849 1751 1091 1809 diversa
1114 1750 1479 1828 principium
1507 1748 1874 1824 analyticum
1906 1749 2033 1821 jam
2057 1745 2293 1822 pridem
2328 1744 2579 1805 latuisse

570 1860 833 1911 censent.
874 1885 950 1895 --
990 1851 1292 1910 Fuchsius
1335 1852 1409 1910 de
1448 1850 1718 1908 romanis
1767 1849 1995 1926 linguis
2044 1866 2409 1925 magnopere
2458 1867 2579 1906 me-

568 1956 722 2013 ritus
772 1954 1024 2025 frustra,
1065 1962 1133 2012 ut
1172 1953 1438 2011 indolem
1487 1952 1655 2011 illius
1694 1951 1958 2008 rusticae
2006 1949 2250 2026 linguae
2298 1949 2579 2022 illustret,

568 2055 825 2114 laborat.
907 2053 1313 2131 Quaecunque
1354 2074 1432 2114 ex
1469 2053 1739 2112 romanis
1781 2051 2131 2110 auctoribus
2171 2052 2399 2125 attulit,
2448 2072 2579 2110 eam

570 2159 833 2216 rusticae
873 2156 1116 2232 linguae
1157 2163 1461 2228 naturam,
1511 2176 1691 2232 quam
1740 2156 1871 2231 ipse
1912 2155 2033 2214 sibi
2082 2155 2287 2226 finxit,
2335 2155 2582 2213 minime

570 2260 858 2337 probant3
898 2257 961 2314 id
1001 2276 1213 2328 unum,
1256 2248 1419 2333 quod
1458 2277 1635 2315 nemo
1676 2258 1952 2334 negabit,
1993 2257 2318 2316 ostendunt
2357 2257 2581 2314 latinae

493 2348 502 2358 ⁸
571 2359 867 2419 orationis
919 2357 1279 2434 elegantiam
1330 2378 1368 2414 a
1415 2357 1599 2434 vulgo
1651 2367 1996 2434 corruptam
2037 2376 2171 2416 esse
2194 2357 2262 2432 1).
2353 2359 2454 2416 Ex
2493 2379 2583 2416 re-

568 2480 701 2519 rum
750 2468 967 2518 natura
1014 2465 1484 2516 consentaneum
1526 2467 1619 2517 est
1667 2459 1978 2537 vulgarem
2019 2479 2377 2532 sermonem,
2419 2442 2478 2518 et
2517 2461 2582 2518 in

568 2552 1089 2641 pronunciatione,
1132 2569 1192 2620 et
1221 2562 1285 2619 in
1313 2561 1769 2639 neglegentiore
1795 2562 2119 2620 verborum
2162 2561 2474 2634 electione,
2516 2562 2581 2620 in

571 2653 966 2724 solutioribus
1028 2662 1287 2738 denique
1357 2664 1679 2722 structuris
1740 2684 1778 2721 a
1834 2664 2030 2741 polita
2091 2663 2403 2723 literarum
2464 2665 2580 2722 ele-

572 2766 781 2845 gantia
820 2764 1229 2839 discrepuisse
1268 2766 1809 2842 grammaticasque
1857 2766 2021 2843 leges
2063 2766 2581 2843 elegantioresque

574 2866 871 2927 orationis
911 2884 1194 2924 numeros
1234 2866 1557 2943 plerosque
1598 2886 1636 2923 a
1672 2866 1855 2945 vulgo
1898 2868 2209 2945 ignoratos
2247 2867 2580 2944 neglectos-

572 2989 686 3047 que
727 2987 885 3027 esse.·
967 2966 1457 3026 Obsoletioribus
1508 2967 1723 3026 formis
1776 2977 1955 3045 atque
1996 2968 2336 3044 antiquiore
2377 2969 2580 3027 colore

570 3073 840 3150 linguam
888 3069 1176 3127 rusticam
1223 3070 1561 3146 praeditam
1614 3070 1803 3127 fuisse
1861 3069 2211 3128 testimonia
2257 3089 2334 3127 ex
2383 3070 2579 3129 literis

570 3175 780 3232 latinis
822 3179 1062 3247 sumpta
1101 3173 1533 3230 demonstrant.
1572 3204 1650 3212 —
1690 3169 1927 3241 Cicer0,
1969 3170 2071 3245 qui
2118 3179 2434 3229 nautarum
2474 3173 2580 3230 hu·

571 3276 703 3335 mili
744 3267 1049 3345 societati,
1098 3281 1166 3331 ut
1207 3273 1387 3331 etiam
1427 3274 1713 3331 minutias
1762 3272 2006 3348 linguae
2047 3284 2464 3348 cognosceret,
2516 3294 2582 3334 se

571 3377 928 3447 immiscuit,
979 3376 1054 3433 de
1096 3375 1336 3433 diversa
1375 3375 1637 3433 rusticae
1675 3366 1918 3451 linguae
1959 3381 2174 3431 natura
2216 3395 2292 3433 ne
2333 3377 2581 3435 verbum

575 3478 816 3557 quidem
845 3476 1050 3534 edidit.
1092 3508 1167 3517 —
1207 3473 1276 3534 Si
1314 3494 1459 3532 vero
1491 3472 1858 3534 Caesaribus
1898 3475 2335 3550 imperantibus
2374 3478 2584 3559 lingua
2617 3516 2626 3523 -

675 3706 716 3757 1)
743 3704 1012 3755 Raynouard‚
1039 3702 1228 3743 Gramm.
1254 3713 1394 3751 comp.
1420 3703 1498 3743 des
1524 3704 1637 3754 lang.
1664 3704 1716 3744 de
1743 3704 1821 3743 l'E.
1846 3706 1921 3744 lat.
1945 3717 1989 3755 p.
2014 3706 2229 3746 XLVIII-2
2269 3708 2327 3747 Et
2352 3706 2490 3748 meme
2517 3710 2581 3749 les

572 3777 746 3815 savants
773 3772 860 3822 qui>
881 3774 958 3810 ont
983 3768 1206 3811 demontre
1235 3782 1317 3821 que
1353 3772 1394 3811 le
1421 3773 1580 3821 peuple
1609 3772 1662 3811 de
1689 3773 1823 3812 Rome
1861 3776 1905 3811 et
1939 3773 2015 3813 des
2053 3785 2311 3825 campagnes
2337 3775 2497 3824 parlait
2524 3788 2581 3816 un

574 3843 682 3883 latin
707 3850 952 3888 con-ompu,
977 3848 1023 3877 se
1051 3838 1212 3878 servait
1236 3840 1571 3889 d’expressions‚
1598 3841 1651 3880 de
1678 3844 1837 3879 termes
1865 3840 2062 3880 insolitos
2090 3853 2144 3880 ou
2172 3839 2429 3891 insufflante,
2456 3848 2499 3884 et
2526 3845 2579 3884 de

552 3913 804 3949 ,tournures
821 3907 1029 3956 triviales,
1053 3908 1265 3947 n’out-ils
1282 3918 1363 3957 pas
1390 3906 1549 3957 foui-ni,
1574 3919 1654 3958 par
1679 3909 1794 3948 leurs
1811 3920 1995 3959 propres
2022 3911 2289 3959 recherches,
2317 3922 2400 3950 une
2418 3922 2579 3960 preuve

577 3976 775 4017 evidente
802 3976 904 4025 qu’il
930 3975 1150 4014 n'existait
1184 3986 1265 4025 pas
1291 3973 1317 4015 ὲ
1341 3977 1474 4015 Rome
1501 3987 1561 4015 un
1594 3977 1757 4017 idioma
1783 3978 2055 4028 particulier‚
2089 3979 2274 4028 puisque
2301 3989 2375 4019 ces
2407 3983 2581 4031 termes,

577 4056 652 4085 ces
677 4049 812 4093 mets,
847 4044 1036 4094 quoique
1063 4043 1298 4093 grossius,
1331 4040 1496 4084 etaient
1522 4045 1729 4087 toutefois
1755 4044 1979 4098 employes
2006 4046 2126 4087 selon
2152 4046 2319 4098 l’esprit
2344 4051 2389 4088 et
2413 4047 2581 4099 d‘apree

571 4113 640 4155 les
665 4113 827 4154 formes
852 4113 906 4153 de
932 4113 975 4153 la
1000 4111 1255 4164 grammaire
1280 4111 1439 4154 latine?
