3028 5138
655 698 965 777 imponere
1001 708 1063 760 et
1088 699 1174 760 ita
1201 701 1582 761 commodare
1597 701 1826 791 solent,
1861 711 1928 761 ut
1955 702 2030 761 ab
2060 703 2338 764 omnibus
2366 704 2491 763 fere
2520 725 2661 783 gen-

655 803 818 863 tibus
855 804 1253 880 accipiantur,
1294 812 1384 862 utz
1424 809 1690 881 aviqnon,
1730 807 2068 875 baionnette,
2108 806 2324 883 hange,
2365 809 2662 881 cachemir‚

654 908 941 964 cordouan
980 905 1439 982 (cordonnier)‚
1489 909 1721 977 damae,
1748 909 2009 982 sa'ience,
2049 909 2420 979 τηαηοῆεετνο,
2458 929 2661 980 moroc,

652 1012 967 1083 maroquin,
1006 1009 1318 1077 milanaise‚
1358 1010 1709 1079 moscouade‚
1748 1013 2019 1085 nanquin,
2050 1011 2180 1069 tibet
2206 1019 2316 1070 etc.
2358 1044 2432 1053 —
2473 1011 2659 1070 Tales

650 1110 892 1169 termini
932 1111 995 1168 in
1037 1110 1314 1168 omnibus
1356 1110 1518 1168 vitae
1557 1112 1832 1187 partibus
1875 1121 2214 1188 occurrunt,
2262 1121 2440 1194 atque
2479 1113 2584 1173 vix
2623 1133 2662 1171 a

648 1212 969 1291 peregrino
1012 1212 1321 1271 exhauriri
1360 1222 1633 1289 possunt.
2371 1218 2378 1222 ’

1369 1396 1443 1454 De
1478 1398 1930 1458 derivationibus.

801 1518 1130 1580 Nominum
1190 1522 1398 1598 inopia
1456 1523 1712 1599 quadam
1772 1523 1979 1582 franc‘o
2002 1557 2025 1569 -
2048 1500 2330 1601 gallicam
2385 1524 2652 1603 linguam

630 1624 865 1700 premi,
925 1624 1067 1701 quia
1121 1624 1405 1682 facultate
1454 1625 2003 1700 componendorum
2049 1626 2370 1684 verborum
2417 1627 2655 1703 privata

645 1726 752 1798 sit,
803 1743 982 1802 saepe
1022 1728 1149 1800 jam
1189 1726 1413 1783 dictum
1454 1733 1563 1784 est.
1604 1758 1679 1767 —
1717 1729 1917 1804 Atque
1964 1727 2235 1803 profecto
2278 1747 2315 1784 a
2354 1727 2665 1803 composi-,

643 1829 809 1887 tione
836 1828 1081 1905 linguae
1109 1827 1603 1905 franco-gallicae
1637 1829 1945 1906 ingenium
1969 1827 2320 1905 plerumque
2347 1829 2649 1901 abhorret,

642 1929 750 1988 sed
787 1930 941 1987 hanc
974 1931 1271 2003 jacturam
1312 1929 1558 2006 explent
1595 1929 1766 2007 larga
1806 1930 2244 1988 derivationum
2286 1930 2558 1989 subsidia
2578 1929 2648 2003 1).

642 2029 1007 2091 Germanica
1045 2033 1109 2089 in
1147 2031 1355 2110 lingua
1382 2033 1719 2111 composita
1742 2031 1928 2090 verba
1967 2041 2088 2091 tam
2127 2033 2465 2109 frequentia
2490 2039 2648 2104 sunt,

638 2142 705 2192 ut
745 2133 948 2191 oratio·
990 2135 1288 2193 interdum
1336 2134 1628 2211 impedita
1673 2116 2130 2211 atquetumida
2175 2134 2296 2192 fiat.
2387 2133 2646 2210 Compo-

638 2235 780 2294 sitio
823 2236 909 2292 ibi
948 2255 1194 2294 munere
1235 2253 1343 2293 suo
1386 2244 1524 2310 apte
1563 2236 1859 2312 fungitur,
1908 2236 2011 2292 ubi
2053 2237 2200 2293 duas
2241 2237 2520 2294 notiones
2560 2236 2648 2294 ita

637 2336 972 2413 conjungit,
1022 2344 1089 2394 ut
1136 2355 1315 2394 unam
1364 2336 1538 2411 quasi
1589 2336 1909 2412 imaginem
1959 2336 2246 2406 efficiant3
2307 2336 2412 2393 sed
2459 2336 2646 2394 verba

636 2436 827 2495 latina
871 2441 1132 2507 societas,
1176 2440 1409 2510 justitia
1455 2444 1767 2511 praestant
1813 2435 2200 2513 germanicis:
2268 2432 2644 2514 Θεῖεῑῖἷῲᾰῖἐ,

637 2533 1034 2617 Θθτεῲΐίςῐείΐ
1053 2539 1123 2615 2),
1166 2540 1308 2617 quia
1346 2537 1442 2596 hic
1483 2538 1790 2616 simplices
1831 2538 2110 2597 notiones
2152 2534 2513 2617 flagitantur.

790 2639 984 2718 Saepe
1034 2649 1360 2721 queruntur
1398 2643 1514 2699 hoc
1567 2641 1790 2699 illudve
1841 2641 2089 2698 verbum
2139 2642 2535 2716 compositum
2578 2642 2640 2699 in

632 2744 842 2822 lingua
866 2745 1323 2822 franco-gallica
1363 2752 1483 2801 tam
1511 2751 1789 2824 accurate
1824 2743 1995 2800 reddi
2036 2761 2157 2801 non
2184 2761 2384 2819 posse,
2425 2751 2491 2801 ut
2517 2762 2639 2801 vox

631 2848 766 2904 voci
793 2847 1172 2923 respondeat.
1241 2844 1360 2906 Sed
1388 2845 1464 2902 ob
1496 2831 1736 2922 singula
1755 2844 1947 2902 verba
1985 2845 2059 2902 de
2087 2844 2369 2903 universa
2392 2846 2637 2923 linguae

631 2955 845 3006 natura
876 2948 1138 3022 judicari
1163 2947 1388 3023 nequit,
1426 2946 1783 3021 praesertim
1812 2966 1992 3023 quum
2019 2931 2205 3004 verba
2234 2965 2330 3005 res
2360 2947 2635 3005 sensibus

631 3050 967 3109 subtractas
1009 3048 1388 3127 designantia
1425 3067 1565 3106 raro
1612 3048 1672 3105 in
1714 3048 1970 3106 diversis
2011 3048 2235 3126 linguis
2275 3049 2456 3125 plane
2497 3068 2635 3107 con-

629 3161 863 3230 gruant.
923 3153 1120 3229 Atque
1148 3152 1260 3209 hac
1301 3151 1373 3208 de
1407 3157 1577 3226 parte
1605 3149 1832 3207 nullam
1858 3150 2126 3228 linguam
2166 3151 2229 3208 in
2255 3151 2436 3209 aliam
2464 3169 2634 3208 aceu-

628 3263 756 3314 rate
777 3263 1008 3314 vertere
1033 3254 1194 3312 licet.
1254 3253 1339 3332 Ut
1367 3252 1526 3310 enim
1556 3253 1860 3310 teutonica
1884 3253 2070 3310 verba
2095 3253 2430 3330 composita
2456 3271 2634 3329 aegre
2677 3296 2684 3302 .

627 3356 1099 3434 franco-gallicis
1127 3354 1562 3430 exprimuntur,
1591 3354 1678 3410 ita
1701 3353 2290 3432 franco-gallicarum
2312 3354 2633 3413 derivatio-

626 3478 768 3517 num
809 3458 1173 3518 subtilitates
1214 3455 1523 3514 teutonica
1559 3455 1768 3532 lingua
1808 3456 2160 3514 difficillime
2201 3457 2570 3540 redduntur.-

778 3560 1240 3618 Derivationum
1289 3557 1448 3614 enim
1498 3557 1702 3633 copia,
1752 3577 1905 3635 quae
1954 3565 2244 3616 attentum
2293 3565 2353 3616 et
2392 3565 2630 3616 acutum

625 3663 888 3722 animum
928 3669 1251 3731 testantur,
1299 3658 1774 3737 franco-gallica
1812 3661 2022 3739 lingua
2061 3661 2339 3718 omnibus
2380 3658 2630 3735 reliquis

725 3892 765 3942 1)
792 3891 883 3932 «Iac.
910 3885 1093 3940 Grlmm,
1118 3892 1324 3932 deutsche
1353 3892 1637 3940 Grammatik,
1662 3891 1717 3930 11.
1743 3903 1786 3940 p.
1811 3890 1925 3930 973.:
1971 3891 2055 3929 deu
2081 3888 2249 3939 mange!
2278 3898 2332 3927 au
2361 3897 2630 3927 zusammen-

623 3965 858 4010 setzungen
884 3957 1082 4011 vergiitet
1118 3960 1229 3999 allen
1266 3962 1570 4001 romanii-ichen
1606 3960 1819 4009 eprachen
1853 3959 1926 3999 ein
1958 3958 2200 3999 reichthum
2227 3967 2311 3997 von
2340 3957 2631 4007 ableitungeu.

622 4030 686 4069 Im
714 4029 947 4067 deutschen
975 4027 1142 4068 verhilt
1167 4038 1213 4067 ee
1241 4028 1333 4067 sich
1363 4030 1472 4068 nahe
1499 4027 1765 4077 umgekehrt.

723 4096 764 4155 2)
791 4096 884 4137 διο.
912 4096 1092 4150 (iritum,
1117 4089 1324 4140 deutsche
1353 4095 1635 4144 Grammatik,
1661 4095 1716 4135 11.
1739 4104 1783 4144 p.
1808 4089 1898 4133 965.
