3028 5138
1318 477 1853 546 ...ω-,-

582 651 816 730 augeri:
875 651 1002 724 „De
1049 650 1221 726 relies
1264 668 1303 707 a
1341 649 1604 719 Barun“,
1651 649 1842 722 (vicet
1892 652 1961 707 de
1999 648 2168 725 relies
2199 650 2277 707 de
2315 648 2594 722 Barna),-

580 774 639 830 p.
682 755 809 812 181.
849 755 1029 827 „deite
1069 762 1208 811 estre
1249 756 1398 828 quite
1428 770 1538 827 per
1577 751 1625 807 le
1664 752 1851 809 chival
1894 770 2030 809 soun
2061 752 2256 825 peire“
2275 746 2278 749 ’
2302 752 2492 825 (vicet
2539 753 2591 810 le

581 856 769 915 chival
804 858 882 920 de
923 874 1061 913 soun
1089 853 1281 930 peire)
1291 874 1316 921 ,-
1361 855 1476 911 deit
1517 855 1689 910 doner
1726 854 1775 910 le
1814 853 1984 911 dener
2025 851 2184 912 Seint
2212 852 2357 910 Pero
2395 854 2590 926 (vicet

571 958 627 1016 Ie
669 960 840 1017 dener
890 958 959 1015 de
1013 955 1171 1014 Seint
1208 953 1401 1026 Pero).
1478 954 1684 1012 Verba
1722 954 1812 1012 sio
1862 955 1992 1013 sine
2031 954 2274 1013 vinculo
2308 958 2488 1030 juxta
2525 972 2595 1015 se

579 1059 800 1135 posita,
840 1056 1022 1116 etiam
1061 1075 1221 1114 nuno
1262 1056 1326 1113 in
1363 1055 1586 1131 priscis
1612 1056 1816 1115 verbis
1844 1055 2026 1113 obvia
2050 1055 2261 1132 paucis
2301 1056 2366 1113 in
2393 1075 2590 1115 sacra-

580 1168 782 1219 mento
823 1178 876 1218 a.
905 1155 1347 1217 DCCCXLIII
1365 1159 1493 1233 jam
1519 1157 1870 1234 reperimus.
1897 1189 1971 1199 —
2013 1156 2208 1233 Saepe
2233 1157 2419 1216 immo
2447 1177 2589 1216 vero

581 1260 931 1338 plerumque
999 1259 1331 1337 genitivum
1388 1277 1497 1335 per
1554 1259 1869 1318 circuitum
1926 1259 2398 1336 praepositionis
2454 1260 2593 1331 „def‘

583 1362 962 1438 exprimunt3
1029 1362 1178 1420 haee
1248 1361 1658 1419 inconstantia
1714 1359 1911 1419 serius
1970 1361 2207 1419 demum
2266 1359 2592 1429 evanescit,

584 1471 761 1539 atque
802 1481 990 1540 usque
1032 1462 1109 1521 ad
1149 1470 1404 1523 aetatem
1444 1460 1745 1518 Ludovioi
1782 1460 1893 1519 IX.
1934 1461 2164 1520 formae
2209 1461 2591 1538 franco-gal-

585 1563 742 1622 licae
790 1564 1034 1641 linguae
1082 1563 1387 1621 limantur.
1475 1562 1721 1620 Primus
1771 1569 1969 1621 autem
2019 1559 2360 1622 Guilelmus
2400 1562 2590 1622 Usur-

583 1671 760 1740 pator
797 1663 1065 1741 linguam
1104 1664 1301 1721 literis
1343 1662 1770 1722 stabiliendam
1818 1664 2077 1735 curavit3
2127 1683 2384 1744 namque
2424 1671 2588 1722 ante-

583 1783 761 1842 quam
799 1764 995 1823 literis
1034 1765 1245 1842 lingua
1282 1763 1538 1836 fovetur,
1577 1765 1807 1823 formae
1846 1767 2112 1825 incertae
2151 1766 2455 1827 vacillant.

736 1865 887 1922 Inde
927 1885 965 1922 a
999 1862 1305 1925 Guilelmo
1335 1864 1715 1942 Usurpatore
1751 1886 1940 1945 usque
1982 1869 2058 1927 ad
2099 1866 2186 1928 St.
2215 1867 2591 1926 Ludovieum

581 1967 831 2044 linguae
878 1967 1223 2045 ingenium,
1282 1975 1351 2025 ut
1405 1967 1633 2034 formas
1695 1969 2022 2042 stabiliret,
2083 1970 2262 2047 quasi
2307 1969 2588 2027 luctando

583 2068 910 2139 nitebatur3
969 2068 1130 2146 quod
1179 2068 1444 2127 studium
1499 2087 1577 2128 ex
1625 2070 1830 2129 multis
1888 2071 2100 2130 formis
2150 2078 2485 2146 temporum
2533 2078 2591 2128 et

584 2169 899 2227 modorum
959 2170 1312 2229 discrimina
1368 2170 1874 2246 exprimentibus,
1926 2180 2102 2249 atque
2151 2190 2228 2229 ex
2273 2172 2444 2231 miris
2484 2190 2591 2230 no-

580 2288 791 2328 vorum
832 2270 1142 2329 nominum
1180 2271 1647 2330 formationibus
1688 2272 2065 2349 intelligitur.
