3028 5138
1212 535 1739 604 —-‚-3—

472 706 734 765 tinentes
775 705 852 763 ab
892 705 1018 763 illis
1059 705 1364 783 neglectas
1395 725 1530 766 esse
1571 726 1648 765 ex
1685 690 2174 768 acutissimorum
2211 712 2481 771 virorum

473 807 705 867 celticis
756 808 975 866 studiis
1024 808 1252 866 affatim
1298 816 1481 885 patet.
1532 842 1608 852 -
1666 809 1933 869 Druides
1982 813 2477 889 sacerdotumque

475 910 748 967 ordinem
783 909 1167 986 exquisitiori
1205 910 1494 969 scientiae
1533 911 1860 970 indulsisse
1900 932 1939 969 a
1963 911 2303 972 Niebuhrio
2340 934 2479 991 pro-

478 1011 651 1068 batur
678 1009 749 1085 1).
799 1043 877 1052 -—-
935 1007 1056 1069 Sed
1116 1019 1345 1069 certum
1394 1012 1626 1089 aliquid
1683 1014 1758 1071 de
1810 1013 2005 1072 literis
2066 1014 2233 1074 illius
2281 1017 2479 1093 gentis

476 1111 679 1170 afferri
717 1112 945 1188 nequit,
985 1112 1128 1188 quia
1164 1131 1242 1169 ne
1281 1132 1464 1171 unum
1504 1115 1746 1191 quidem
1783 1125 2233 1175 monumentum
2265 1126 2487 1176 exstat.

380 1236 387 1241 ·
475 1246 551 1256 -
591 1212 967 1292 Quamquam
1006 1214 1248 1286 nesci0,
1296 1233 1375 1271 an
1420 1215 1562 1272 hinc
1602 1217 1765 1291 quod
1813 1214 2041 1275 Caesar
2091 1216 2308 1277 Gallos
2358 1238 2482 1276 non

474 1316 758 1393 propriis,
806 1317 912 1374 sed
952 1316 1186 1394 graecis
1225 1315 1420 1374 literis
1462 1318 1527 1374 in
1568 1317 1887 1374 scribendo
1930 1337 2073 1377 usos
2115 1337 2249 1376 esse
2267 1318 2321 1393 ²)
2360 1327 2482 1377 tra-

474 1417 719 1489 diderit,
778 1417 988 1496 colligi
1037 1417 1234 1494 possit
1280 1415 1549 1476 Druides
1600 1437 1949 1495 graecarum
1997 1418 2311 1478 literarum
2357 1439 2482 1479 non

472 1536 721 1593 prorsus
762 1528 1039 1596 expertes
1079 1520 1289 1578 fuisse.

626 1619 844 1680 Certae
891 1621 1184 1698 reliquiae
1235 1620 1483 1679 celticae
1539 1621 1783 1699 linguae
1833 1623 1898 1681 in
1947 1622 2294 1682 nominibus
2340 1642 2481 1701 pro-

473 1722 623 1797 priis
670 1721 953 1781 ‘locorum
1010 1740 1524 1799 personarumque
1581 1734 1971 1783 conservatae
2020 1734 2188 1796 sunt3
2249 1744 2327 1784 ex
2384 1727 2482 1785 his

472 1823 608 1883 unis
674 1823 942 1881 indolem
1006 1822 1174 1882 illius
1237 1823 1482 1900 linguae
1543 1826 1818 1884 divinare
1881 1827 2119 1885 lubrica
2176 1845 2322 1885 sane
2380 1829 2484 1885 via

471 1943 811 2000 possumus.
851 1957 927 1967 -·
965 1923 1097 1983 Nec
1137 1926 1193 1983 si
1233 1943 1298 1982 re
1337 1926 1875 1995 veraBritanniae
1915 1928 2171 1986 minoris
2222 1928 2481 2001 incolae,

474 2023 643 2085 Scoti
691 2027 962 2085 montani
1009 2025 1392 2102 Hibernique
1413 2027 1465 2102 ³)
1522 2028 1844 2106 progenies
1896 2027 2208 2086 Celtarum
2258 2038 2480 2100 essent,

474 2147 551 2185 ex
606 2129 823 2186 horum
890 2128 1270 2186 sermonibus
1338 2147 1449 2205 per
1517 2138 1746 2188 tantam
1815 2129 2195 2188 saeculorum
2260 2131 2481 2188 seriem

474 2229 680 2289 multis
739 2229 958 2289 alienis
1015 2228 1329 2288 elementis
1391 2230 1524 2288 sine
1573 2230 1758 2289 dubio
1819 2231 2151 2307 inquinatis
2211 2231 2480 2308 origines

475 2331 721 2391 celticae
760 2331 1007 2408 linguae
1045 2349 1255 2388 eruere
1293 2330 1508 2390 liceret
1531 2333 1712 2392 nobis
1741 2333 1817 2390 ab
1847 2333 2127 2391 omnibus
2167 2333 2481 2391 literarum

472 2433 876 2492 monumentis
915 2433 1240 2491 destitutis.
1282 2465 1359 2474 —
1396 2433 1498 2492 Ex
1536 2436 1746 2510 paucis
1786 2435 1913 2494 illis
1953 2436 2229 2513 reliquiis
2273 2432 2479 2493 Celtas

472 2556 595 2595 non
633 2535 943 2613 propriam
981 2534 1278 2611 quandam
1313 2535 1558 2613 linguae
1587 2537 1834 2612 stirpem
1863 2537 2135 2596 effecisse
2162 2537 2481 2596 collectum

475 2647 583 2697 est.
682 2636 879 2711 Quam
926 2637 1235 2713 paululum
1284 2645 1483 2695 autem
1541 2636 1696 2696 lucis
1747 2638 1846 2695 vel
1895 2639 2205 2696 acerrimis
2254 2639 2478 2696 labori-

472 2740 722 2799 boribus
763 2742 1099 2819 cognitioni
1151 2758 1462 2800 caseorum
1511 2739 1907 2818 occidentalis
1955 2740 2240 2816 Europae
2287 2739 2480 2816 partis

472 2842 807 2901 incolarum
857 2845 1084 2903 affundi
1123 2843 1349 2919 possit,
1399 2840 1720 2917 ingeniosa
1761 2839 2054 2899 Guilelmi
2091 2842 2482 2901 Humboldtii

474 2945 674 3004 studia
740 2954 1064 3017 testantur3
1134 2964 1211 3003 ex
1268 2944 1347 3002 iis
1405 2951 1608 3001 tamen
1676 2945 1956 3019 antiquos
2032 2943 2275 3016 Iberos,
2344 2944 2481 3003 stir-

473 3065 610 3123 pem
655 3046 1021 3121 Vascorum,
1082 3068 1120 3105 a
1169 3044 1362 3104 Celtis
1412 3046 1687 3103 diversos
1737 3045 1953 3117 fuisse,
2012 3054 2228 3122 postea
2283 3055 2483 3104 autem

475 3145 680 3207 Celtas
720 3148 1052 3227 Iberosque
1092 3147 1452 3207 commixtos
1491 3164 1625 3204 esse
1654 3145 1865 3203 elucet.
1943 3144 2106 3203 Huic
2147 3147 2482 3206 sententiae

472 3248 774 3308 Henricus
814 3251 1112 3310 Martinus
1155 3250 1217 3307 in
1257 3247 1800 3326 praestantissimis
1841 3247 2336 3324 franco-gallicis
2378 3266 2480 3304 an·
2525 3267 2526 3270 ¹

473 3351 713 3409 nalibus
742 3351 1167 3428 adstipulatur:
1200 3349 1501 3408 cunabula
1527 3347 1835 3406 Celtarum
1860 3349 2347 3425 reliquorumque
2373 3367 2481 3424 po-

471 3452 750 3529 pulorum
790 3453 1344 3530 indo-germanicae
1388 3450 1598 3526 stirpis
1639 3450 1852 3509 Asiam
1890 3450 2151 3509 mediam
2188 3449 2379 3509 fuisse
2398 3449 2481 3524 4);

573 3667 614 3719 1)
642 3664 846 3719 ffllcbubr,
873 3664 1088 3717 θῖὸωίῐᾶκ
1114 3664 1352 3718 Θεῖὼίὼῐτ,
1375 3664 1432 3704 11.
1456 3675 1499 3714 p.
1526 3663 1615 3703 255.

573 3744 615 3795 2)
644 3744 817 3792 Caesar,
841 3744 894 3783 de
921 3743 1037 3783 bello
1063 3741 1271 3783 Gall-VI.
1297 3741 1423 3781 c.14.

573 3811 614 3862 3)
640 3812 861 3851 Hibernos
884 3814 1001 3850 certe
1017 3810 1178 3858 Gaelis,
1202 3820 1291 3848 non
1307 3808 1441 3847 celtis
1462 3804 1809 3845 adnumerandos
1827 3816 1923 3846 esse
1938 3806 2151 3858 Romans,
2174 3818 2215 3847 v.
2228 3806 2295 3856 cl.²
2320 3805 2484 3847 docuit.

571 3886 614 3937 4)
641 3887 780 3926 Henri
797 3886 968 3935 Mai-tin,
993 3887 1107 3926 Hist.
1133 3886 1186 3925 de
1203 3880 1770 3931 Franco-1.p.10.·0ette
1796 3882 1996 3922 briuantc
2023 3894 2147 3923 racc.
2160 3883 2485 3932 ..appartenait

474 3949 500 3992 ὶ
523 3953 566 3992 la
591 3955 748 4003 grande
776 3953 936 3993 famille
962 3953 1166 3992 humaine
1191 3953 1298 3992 dont
1322 3951 1454 3992 l’Asie
1482 3949 1670 3988 centrale
1697 3948 1762 3988 fut
1787 3949 1827 3988 le
1854 3950 2059 3990 herceant
2083 3952 2148 3991 les
2174 3951 2352 4000 langues
2379 3961 2483 3999 gau-

472 4020 626 4070 loises,
653 4032 820 4061 comme
846 4021 887 4060 le
915 4032 1036 4071 grec,
1063 4031 1230 4060 comme
1257 4017 1451 4068 le'lat-in,
1478 4028 1646 4057 comme
1673 4017 1713 4056 le
1740 4017 1975 4068 tudesque,
2001 4030 2168 4066 comme
2194 4018 2235 4058 le
2263 4018 2379 4058 slave
2405 4028 2483 4067 pa-

472 4088 658 4129 raissent
685 4100 731 4129 se
757 4088 974 4129 rattacher
998 4099 1053 4126 au
1079 4088 1276 4128 sanserit.

2096 4163 2182 4221 1„
