3028 5138
1038 769 1118 857 1.
1219 766 2056 874 Etymologia.

1259 951 1334 1011 nc
1366 949 1840 1025 pronunciatione.

691 1076 935 1136 Primus
984 1085 1305 1136 tractatum
1352 1077 1427 1134 de
1478 1075 1853 1150 „franciscae
1901 1075 2145 1153 linguae
2193 1074 2552 1152 pronuncia-

540 1177 746 1239 tione“
770 1178 820 1252 1)
862 1178 1054 1238 edidit
1079 1178 1367 1237 Theodor
1393 1178 1577 1250 Beza,
1618 1184 1796 1254 atque
1824 1177 2050 1253 optime
2090 1184 2301 1236 acutus
2330 1177 2434 1234 ille
2462 1176 2556 1233 vir

531 1282 660 1354 jam
685 1280 997 1356 perspexit
1022 1279 1480 1359 franco-gallico
1518 1279 1583 1338 in
1614 1297 1891 1339 sermone
1920 1280 2159 1358 singula
2186 1278 2554 1337 enunciatio-

541 1383 638 1442 nis
665 1382 962 1442 vocabula
998 1382 1084 1442 ita
1111 1382 1471 1455 coalescere,
1512 1389 1580 1439 ut
1612 1399 1733 1440 uno
1764 1390 1973 1440 tenore
2001 1382 2344 1439 deferantur
2383 1379 2468 1455 (p.
2500 1381 2554 1437 9.

543 1492 603 1543 et
632 1484 770 1559 10.).
798 1517 873 1526 —-
910 1484 1281 1543 Accentibus
1309 1501 1492 1543 unum
1520 1483 1852 1541 membrum
1878 1503 2023 1558 prae
2052 1483 2269 1541 ceteris
2287 1488 2334 1539 'a
2355 1480 2556 1541 Gallis

543 1605 669 1644 non
705 1586 898 1662 premi
938 1585 1024 1661 (p.
1056 1584 1205 1660 26.);
1244 1584 1487 1644 vocales
1529 1584 1650 1660 „a“
1680 1592 1740 1642 et
1766 1583 1876 1658 „e“
1917 1583 2063 1643 elidi
2103 1582 2344 1660 (p.-82.)
2385 1603 2555 1661 aper-

544 1686 780 1747 tissime
821 1687 1107 1746 enotavit.
1165 1689 1365 1763 Atque
1393 1686 1499 1745 vix
1528 1685 1867 1764 graviorem
1894 1685 2336 1762 pronunciandi
2362 1686 2557 1763 legem

546 1789 913 1867 investigare
950 1781 1209 1865 poteris,
1260 1787 1404 1864 quin
1443 1788 1510 1845 in
1536 1787 1746 1847 ’Bezae
1786 1794 2045 1846 tractatu
2084 1795 2417 1846 memorata
2456 1787 2555 1845 sit.

702 1888 960 1967 Saepius
1001 1890 1078 1947 ad
1116 1889 1456 1965 priscorum
1484 1887 1803 1948 Gallorum
1830 1890 2393 1965 pronunciationem
2419 1909 2557 1965 pro-

547 2001 726 2051 vocat
774 1991 860 2068 (p.
901 1990 1054 2066 26.),
1104 1998 1166 2048 et
1211 1991 1484 2067 profecto
1535 1999 1813 2049 naturam
1858 1991 2382 2066 pronunciationis
2424 2010 2559 2049 cum

548 2094 792 2172 linguae
818 2094 1065 2171 ingenio
1095 2092 1433 2152 arctissime
1462 2093 1787 2151 cohaerere
1813 2093 2074 2168 peritum
2101 2094 2308 2170 fugere
2335 2094 2559 2170 nequit.

702 2197 853 2254 Inde
903 2195 1249 2254 necessario
1299 2196 1709 2270 quaerendum
1758 2200 1879 2264 est,
1929 2195 2087 2252 unde
2135 2195 2558 2270 pronunciatio

551 2306 687 2355 orta
734 2298 832 2356 sit.
920 2298 1123 2373 Atque
1169 2295 1285 2353 hac
1325 2295 1566 2371 quidem
1616 2294 1681 2352 in
1732 2294 2088 2369 quaestione
2136 2295 2200 2353 in
2251 2315 2384 2353 eam
2433 2296 2561 2354 rem

548 2399 903 2469 incidimus,
970 2398 1034 2454 in
1095 2417 1214 2473 qua
1272 2415 1479 2455 omnes
1540 2396 1666 2454 fere
1725 2396 2127 2454 consentiunt.
2218 2395 2379 2455 Nam
2438 2417 2561 2456 non

549 2500 730 2558 modo
783 2497 1189 2578 Schlcgellus,
1240 2498 1654 2571 Sismondius,
1712 2497 1820 2556 sed
1871 2497 2051 2554 etiam
2100 2496 2563 2576 Raynouardus,

549 2602 777 2674 Fallot,
817 2600 1094 2674 Diezius,
1128 2601 1238 2660 Fr.
1266 2601 1478 2660 Weius
1500 2600 1553 2675 2)
1595 2600 1939 2679 germanico
1982 2620 2060 2658 ex
2098 2602 2264 2659 fonte
2298 2621 2561 2677 pronun-

550 2704 875 2763 ciationem
915 2703 1434 2781 franco-gallicam
1476 2702 1867 2760 derivandam
1895 2721 2030 2761 esse
2070 2722 2190 2760 uno
2220 2722 2322 2760 ore
2367 2704 2561 2762 decla-

550 2813 852 2864 raverunt.
944 2804 1118 2863 Unus
1171 2802 1446 2863 Geninus
1467 2803 1521 2879 3)
1561 2804 1703 2861 inde
1753 2804 1829 2861 ab
1879 2803 2233 2879 aequalibus
2272 2804 2462 2862 Ennii
2503 2812 2564 2862 et

552 2906 756 2965 Plauti
806 2906 1344 2984 franco-gallicam
1392 2904 1959 2982 pronunciationem
1998 2905 2386 2983 repetendam
2429 2925 2561 2965 esse

554 3008 891 3066 alucinatus
941 3014 1061 3080 est,
1110 3008 1218 3068 sed
1266 3027 1448 3084 quum
1488 3026 1563 3065 ea
1601 3005 1811 3083 opinio
1860 3013 1987 3064 tum
2036 3008 2384 3066 universum
2433 3010 2561 3085 ejus

554 3112 706 3185 opus
748 3108 1051 3186 ineptiora
1090 3118 1250 3182 sunt,
1291 3128 1469 3185 quam
1510 3128 1663 3184 quae
1702 3108 2124 3184 respiciantur.

707 3210 1251 3289 Franco-gallicae
1314 3210 1839 3286 pronunciationis
1905 3212 2155 3288 propria
2220 3220 2435 3270 natura
2501 3214 2565 3271 in

555 3314 936 3372 acervatione
957 3313 1258 3370 vocalium
1287 3311 1570 3369 cernitur.
1631 3309 2016 3391 Diphthongi
2044 3315 2204 3372 enim
2232 3334 2354 3372 non
2383 3316 2563 3373 modo

555 3413 850 3484 excultae,
891 3413 997 3471 sed
1025 3412 1204 3469 etiam
1246 3412 1769 3488 frequentissimae
1799 3423 1957 3487 sunt,
1999 3434 2151 3492 quae
2191 3436 2289 3475 res
2318 3437 2395 3475 ex
2434 3419 2564 3494 plu-

555 3515 724 3572 ribus
766 3512 1017 3589 syllabis
1060 3513 1123 3570 in
1162 3532 1343 3570 unam
1370 3514 1698 3573 contractis
1728 3515 2088 3592 explicanda
2116 3528 2232 3577 est:
2275 3521 2364 3579 sic
2404 3520 2563 3594 „affl

555 3617 669 3676 hac
710 3616 784 3673 de
824 3633 1008 3673 causa
1044 3614 1400 3692 saepissime
1428 3616 1605 3689 redit,
1647 3617 1790 3694 quia
1830 3595 2190 3681 consonans·
2213 3622 2315 3698 „1⁶⁶
2356 3622 2418 3680 in
2459 3642 2562 3681 vo-

659 3827 699 3879 l)
726 3829 793 3867 De
820 3828 1076 3897 Franciscae
1102 3828 1275 3880 linguae
1301 3833 1420 3871 recta
1443 3832 1807 3881 pronunciatione
1834 3836 2063 3884 tractatus,
2092 3836 2321 3876 Theodoro
2348 3837 2463 3876 Beza
2490 3847 2564 3878 au·
2595 3867 2603 3874 .

556 3901 676 3938 ctore
703 3896 900 3936 Gencvac
929 3897 1043 3938 1584.

658 3971 701 4023 2)
726 3974 776 4013 F.
800 3974 1141 4024 Weyfflistoire
1169 3975 1246 4015 des
1272 3972 1403 4014 τόνοι
1429 3976 1488 4014 du
1513 3977 1693 4028 langnge
1721 3987 1774 4016 en
1800 3977 1981 4018 Franco.
2020 3978 2142 4020 Puris
2170 3980 2283 4020 1848.

660 4049 703 4102 3)
731 4049 887 4101 Gknin,
912 4051 990 4092 des
1015 4051 1252 4093 variatione
1279 4052 1339 4092 du
1362 4052 1544 4103 langage
1570 4052 1622 4093 tr.
1659 4052 1783 4094 Paris
1811 4053 1924 4094 1845.
