3028 5138
312 717 592 794 franpais
629 717 725 792 qui
756 716 1092 793 assidqerent
1130 715 1190 775 la
1223 717 1390 793 place
1399 739 1424 786 ,·
1463 736 1524 777 ce
1551 724 1674 776 sont
1711 715 1788 776 les
1816 719 1935 777 rois
1973 720 2070 795 qui
2097 721 2230 795 sont
2270 718 2344 779 les

325 824 542 879 destins
582 821 680 877 des
717 820 952 877 mortels.
1040 819 1212 878 Haec
1263 821 1421 877 enim
1472 828 1774 879 structura
1812 840 1849 878 a
1886 819 2105 894 latina,
2153 840 2341 898 genus

326 921 588 995 subjecti
629 939 763 978 cum
810 921 1160 997 praedicato
1202 923 1600 981 concinnante
1641 920 1763 996 (ex.
1793 941 1848 1000 g.
1878 921 2000 982 ista
2038 931 2131 983 est
2167 922 2344 998 filia),

324 1021 512 1098 longe
554 1020 840 1080 abhorret
859 1019 928 1097 l).

1074 1206 1147 1264 De
1181 1207 1609 1279 pronominibus.

486 1328 717 1388 Eadem
769 1348 1001 1404 causa,.
1036 1350 1189 1409 quae
1238 1331 1557 1390 articulum
1609 1331 1981 1407 procreavit,
2036 1333 2343 1407 pronomi-

330 1450 475 1488 num
524 1431 751 1490 formas
801 1433 1254 1492 accuratissime
1311 1432 1606 1505 excoluit,
1667 1451 1921 1509 quorum
1966 1451 2141 1505 usuS,
2201 1453 2346 1492 num

332 1532 460 1589 ulla
509 1532 574 1590 in
624 1533 747 1591 alia
792 1533 1004 1611 lingua
1067 1533 1413 1592 distinctior
1472 1541 1533 1590 et
1597 1533 1935 1593 accuratior
2003 1535 2109 1607 sit,
2168 1535 2346 1594 vehe-

332 1622 581 1691 menter⁷
603 1634 833 1692 dubito,

487 1734 832 1793 Pronomen
872 1755 942 1793 on
981 1735 1218 1811 (homo)
1258 1735 1437 1812 plane
1471 1738 1802 1814 respondet
1827 1740 2170 1815 germanico
2198 1725 2349 1815 mem)

332 1854 402 1892 on
442 1855 481 1894 a
519 1860 587 1886 =
625 1851 755 1898 man
795 1834 981 1913 βαΰ).
1022 1869 1098 1878 -

462 1925 713 2015 'Magna
746 1937 1169 1996 adverbiorum
1207 1937 1386 2013 copia
1417 1938 1712 1997 formatur
1738 1939 1975 2015 syllaba
2014 1941 2241 2015 ,ῃηετιεςιι
2280 1965 2349 1992 =

336 2038 589 2114 „mente“
639 2063 707 2089 =
755 2038 1004 2114 „ment“;
1051 2057 1176 2096 non
1224 2038 1492 2096 absimili
1541 2041 1885 2117 germanico
1936 2041 2205 2115 „weise“‚
2259 2042 2348 2100 sic

333 2141 749 2199 matarellement
796 2165 864 2190 =
907 2136 1426 2216 ηαέίίϊῐίῷεϊὶυείῖες
1478 2142 1841 2211 tendrement‚
1889 2146 2345 2200 comciencieuse-

332 2252 480 2300 ment
519 2250 657 2312 etc.;
697 2243 833 2318 ipsa
871 2248 1069 2299 autem
1102 2241 1338 2316 syllaba
1378 2241 1605 2317 „ment“
1644 2242 1847 2301 locum
1873 2243 2197 2301 latinarum
2240 2245 2347 2319 „e“

240 2366 249 2369 ·
335 2351 396 2400 et
432 2342 618 2417 „iter“
661 2342 880 2418 explet.

970 2495 1044 2583 De
1079 2525 1246 2584 verbo
1280 2525 1500 2600 proprie
1537 2526 1703 2585 dicto.

489 2648 614 2709 Vix
662 2644 788 2709 ulla
836 2651 909 2708 de
960 2670 1025 2707 re
1065 2657 1268 2707 tantae
1313 2650 1455 2707 lites
1502 2659 1702 2708 motae
1753 2658 1919 2722 sunt,
1970 2660 2228 2727 quantae
2273 2651 2348 2709 de

337 2751 574 2829 origine
614 2753 934 2810 verborum
975 2746 1379 2809 auxiliarium}
1464 2749 1566 2808 Ex
1603 2750 1898 2827 peculiari
1938 2752 2197 2828 quodam
2236 2772 2350 2811 usu

335 2853 661 2911 latinorum
701 2854 1022 2911 verborum
1063 2870 1176 2909 esse
1213 2858 1274 2909 et
1308 2833 1509 2909 habere
1549 2851 1827 2909 nonnulli
1865 2853 1989 2913 vim
2028 2852 2349 2911 verborum

336 2951 724 3011 auxiliarium
766 2954 1039 3012 derivare
1068 2951 1270 3010 conati
1311 2962 1467 3010 sunt.
1534 2956 1735 3029 Atque
1772 2953 1924 3011 illud
1952 2953 2191 3030 quidem
2218 2973 2349 3011 ver-

336 3053 482 3110 bum
501 3056 628 3127 jam
655 3055 718 3112 in
745 3054 936 3112 latina
960 3054 1172 3130 lingua
1198 3053 1385 3111 simili
1411 3054 1550 3111 usui
1576 3054 1907 3112 inservisse
1935 3072 2109 3111 nemo
2137 3055 2350 3126 nescit,

339 3162 402 3211 et
438 3155 544 3211 vix
585 3154 847 3212 dubitari
885 3162 1106 3231 potest,
1153 3153 1297 3229 quin
1336 3144 1585 3230 passiva
1622 3151 1819 3210 forma
1854 3152 2181 3211 latinorum
2218 3173 2349 3212 ver-

337 3256 553 3312 borum
603 3255 1026 3330 deponentium
1082 3254 1363 3312 latiorem
1421 3254 1602 3329 hujus
1649 3252 1821 3311 verbi
1874 3253 2191 3311 auxiliaris
2242 3273 2350 3329 po-

338 3363 616 3413 testatem
665 3355 978 3430 adjuverit.
1067 3353 1189 3415 Sed
1237 3354 1335 3413 hic
1383 3372 1621 3431 quoque
1670 3353 2036 3412 teutonicam
2081 3352 2352 3430 linguam

340 3456 502 3515 viam
553 3457 896 3531 praeeundo
945 3464 1318 3515 monstrasse
1368 3474 1446 3515 ex
1494 3454 1752 3533 singulis
1810 3454 2023 3512 formis
2084 3454 2351 3529 apparet.

340 3556 556 3616 Partes
598 3558 890 3633 quaedam
928 3558 1102 3615 verbi
1141 3557 1257 3614 &tre
1298 3576 1376 3617 ex
1413 3556 1606 3616 latino
1644 3575 1758 3615 esse
1797 3554 2161 3613 derivandae
2193 3561 2352 3626 sunt,

344 3657 452 3715 sed
500 3677 680 3734 quum
737 3656 853 3729 hoc
898 3657 1149 3715 verbum
1193 3658 1450 3738 latinum
1488 3676 1613 3716 non
1653 3658 1729 3716 ab
1771 3655 1938 3714 omni
1975 3662 2148 3731 parte
2189 3653 2351 3714 suffi-

343 3766 532 3832 ceret,
583 3757 801 3816 latiore
848 3776 963 3819 usu
1010 3760 1342 3837 germanici
1390 3761 1562 3820 verbi
1613 3758 1930 3820 auxiliaris
1977 3755 2201 3814 factum
2243 3762 2355 3825 est,

449 4002 490 4053 1)
518 4002 642 4042 Oonf.
667 4001 715 4053 8.
742 3999 898 4053 ffiederff
923 4000 1049 4051 9111&-
1076 4002 1114 4044 b.
1141 4000 1235 4052 (512,
1262 4003 1296 4041 1.
1322 4014 1365 4051 p.
1391 4002 1480 4042 27⁷.

449 4084 489 4134 2)
519 4086 727 4136 Schlegel,
754 4086 980 4127 observat.
1006 4096 1080 4126 sur
1105 4087 1147 4125 la
1173 4080 1328 4137 langue
1355 4079 1559 4135 prov.,'p.
1587 4085 1665 4128 34„
1689 4079 1812 4124 Paris
1838 4083 1952 4124 1818.

2017 4162 2056 4219 3
