3028 5138
1300 517 1831 584 —4—

564 692 776 750 Iberos
816 696 1046 761 autem,
1093 697 1161 747 ut
1201 689 1303 765 qui
1343 708 1381 747 a
1418 688 1662 747 diversa
1711 686 1901 763 stirpe
1939 683 2386 756 descenderint,
2433 683 2567 741 nul-

563 793 685 851 lam
726 792 1075 851 societatem
1115 810 1250 849 cum
1291 788 1483 849 Celtis
1525 790 1672 848 olim
1711 788 1997 846 habuisse
2018 787 2087 862 1).

718 897 920 970 Atque
960 911 1025 950 re
1064 912 1209 951 vera
1247 911 1634 968 quaecunque
1682 892 1756 949 de
1797 889 1990 949 Celtis
2031 898 2341 966 comperta
2385 888 2567 947 habe-

566 1015 719 1068 mus,
767 1014 839 1053 eo
881 996 1122 1067 ducunt,
1168 1003 1235 1052 ut
1273 995 1626 1053 affinitatem
1667 1001 1827 1051 certe
1868 991 2178 1051 Celtarum
2219 1000 2280 1051 et
2319 990 2568 1051 Germa-

566 1117 781 1157 norum
819 1098 1009 1156 fuisse
1035 1114 1402 1156 censeamus.
1478 1094 1749 1172 Utraque
1789 1095 1955 1152 natio
1996 1093 2215 1153 multas
2256 1095 2319 1152 in
2361 1101 2569 1170 gentes

567 1201 830 1259 discreta
848 1198 932 1273 2),
977 1199 1194 1257 iisdem
1233 1199 1359 1257 fere
1399 1197 1671 1255 moribus
1711 1195 2088 1272 publicisque
2129 1196 2426 1254 institutis
2468 1194 2571 1251 ad-

567 1302 731 1360 dicta
768 1302 883 1359 fuit
901 1299 972 1375 3).
1012 1333 1088 1343 —
1126 1298 1533 1359 Hiillmannus
1573 1298 1852 1375 speciosa
1889 1296 2125 1356 ratione
2163 1316 2384 1356 nomen
2423 1314 2569 1372 quo-

568 1423 685 1480 que
734 1403 932 1481 gentis
981 1403 1059 1460 ad
1106 1402 1509 1480 germanicam
1548 1400 1813 1457 radicem
1852 1400 2095 1457 reduxit
2122 1399 2194 1474 4).
2243 1431 2320 1440 —
2370 1395 2571 1471 Quum

568 1505 784 1563 deinde
833 1504 1081 1562 nomina
1126 1504 1376 1580 propria
1421 1503 1694 1560 locorum
1741 1519 2249 1577 personarumque
2297 1518 2570 1576 perscru÷

567 1614 728 1664 tatus
769 1613 949 1677 esset,
988 1604 1268 1662 affinitati
1307 1604 1557 1662 celticae
1597 1611 1657 1661 et
1695 1603 2070 1680 germanicae
2115 1602 2359 1679 linguae
2398 1619 2572 1660 suum

570 1726 807 1783 quoque
849 1705 1146 1764 calculum
1187 1705 1407 1779 adjecit
1425 1705 1496 1780 5).

722 1808 1022 1884 Equidem
1082 1815 1141 1864 et
1199 1807 1330 1882 ipse
1389 1806 1530 1864 huic
1590 1805 1924 1865 sententiae
1973 1804 2247 1874 addictus
2297 1806 2573 1865 naturam

569 1902 869 1967 internam
910 1908 1159 1967 celticae
1206 1907 1449 1986 linguae
1490 1907 1616 1966 ulla
1664 1927 1743 1966 ex
1787 1915 1960 1984 parte
2009 1907 2139 1964 erui
2187 1924 2368 1984 posse
2416 1924 2573 1984 nego

573 2030 761 2088 eaque
802 2010 1097 2069 elementa
1133 2010 1378 2087 linguae
1417 2009 1928 2086 franco-gallicae,
1969 2028 2122 2085 quae
2147 2009 2331 2087 vulgo
2362 2008 2576 2068 celtica

571 2114 870 2186 dicuntur,
910 2132 988 2172 ex
1027 2112 1370 2190 germanico
1410 2113 1576 2171 fonte
1615 2111 1941 2188 repetenda
1979 2130 2113 2171 esse
2153 2129 2368 2171 censeo
2389 2112 2462 2188 6).

724 2215 1047 2290 Reliquum
1094 2224 1215 2287 est,
1272 2224 1342 2273 ut
1399 2216 1463 2272 in
1513 2214 1869 2273 sententiam
1919 2232 2127 2272 eorum
2183 2215 2577 2291 inquiramus,

571 2318 677 2393 qui
734 2336 812 2375 ex
857 2335 978 2373 una
1033 2314 1211 2373 latini
1263 2316 1563 2374 sermonis
1619 2316 1807 2391 stirpe
1865 2315 2403 2391 franco-gallicam
2460 2318 2575 2376 lin-

571 2437 751 2496 guam
790 2418 1080 2476 derivent.
1168 2419 1367 2494 Atque
1417 2427 1694 2476 auctores
1744 2418 1923 2491 hujus
1976 2419 2307 2477 sententiae
2345 2438 2444 2478 res
2483 2422 2573 2496 ip-

572 2538 673 2580 sas
711 2518 1023 2597 paululum
1058 2519 1416 2596 detorquere
1457 2519 1608 2577 mihi
1642 2518 1940 2577 videntur.
2010 2518 2169 2579 Nam
2206 2521 2322 2580 etsi
2355 2521 2578 2597 proba-

568 2623 695 2680 bile
740 2632 833 2681 est
871 2631 1089 2698 pacata
1130 2622 1195 2680 in
1237 2620 1444 2680 Gallia
1481 2640 1794 2680 romanam
1833 2621 2103 2699 linguam
2144 2623 2250 2680 diu
2289 2624 2576 2682 nutritam

571 2742 735 2796 esse,
775 2724 891 2783 etsi
930 2724 1192 2782 Romani
1230 2731 1567 2800 propagata
1605 2724 1877 2800 ipsorum
1916 2724 2128 2802 lingua
2173 2723 2577 2798 subjectarum

571 2825 839 2901 gentium
886 2824 1188 2883 libertatis
1237 2826 1579 2901 pertinaces
1631 2826 1865 2885 animos
1914 2827 2108 2903 magis
2158 2826 2403 2883 domare
2454 2832 2576 2884 stu-

673 3085 714 3137 1)
742 3084 877 3126 Hem-i
897 3084 1069 3137 Marstn,
1093 3085 1203 3126 ibid.
1226 3086 1261 3126 1.
1285 3087 1424 3136 p.12.:
1452 3087 1539 3127 Les
1566 3085 1726 3138 iberes,
1753 3085 1914 3126 arrives
1941 3083 2170 3136 peut-&tre
2198 3096 2252 3127 en
2272 3087 2473 3140 Espague
2500 3098 2579 3139 par

570 3153 792 3204 l'Afrique,
815 3165 870 3194 ne
898 3165 945 3195 se
971 3156 1215 3195 rattachent
1239 3152 1470 3205 peut-&tre
1496 3155 1624 3204 point
1649 3152 1675 3193 a
1695 3155 1739 3193 la
1764 3154 1923 3203 grande
1948 3154 2112 3193 famille
2138 3154 2578 3208 indo-germanique3

569 3223 665 3262 leur
687 3223 867 3272 langage
893 3226 961 3262 n’a
985 3221 1117 3263 luisse
1145 3224 1199 3263 de
1225 3222 1411 3271 vestiges
1446 3232 1531 3271 que
1558 3222 1665 3261 dans
1698 3222 1739 3261 le
1767 3222 1951 3262 dialecto
1979 3220 2237 3264 tres-altere
2272 3225 2349 3265 des
2369 3226 2580 3276 Basques,

570 3294 616 3329 et
641 3291 749 3330 dans
774 3291 838 3330 les
866 3288 1215 3331 denominations
1242 3288 1600 3340 geographiques.

672 3392 716 3444 2)
744 3390 948 3445 ’niebuhr'
975 3390 1190 3441 θῖὄωίῐὼε
1219 3388 1458 3442 Θεῖὼίὼίτ,
1481 3390 1539 3429 11.
1562 3402 1606 3440 p.
1630 3389 1741 3440 253.;
1779 3391 1988 3443 Polybius
2014 3392 2069 3433 11.
2096 3404 2133 3434 c.
2159 3392 2225 3433 17.

673 3492 715 3545 3)
742 3493 880 3534 Henri
905 3493 1076 3542 Mai-tin,
1101 3492 1215 3531 Hist.
1242 3491 1296 3531 de
1322 3492 1504 3541 France,
1537 3492 1572 3531 1.
1596 3503 1640 3542 p.
1666 3493 1730 3532 11.
1755 3503 1876 3544 seqq.

670 3593 714 3645 4)
740 3594 1000 3634 Nominibus
1018 3594 1134 3632 enim
1163 3592 1296 3642 „don“
1326 3591 1525 3644 (dunum)
1552 3597 1595 3632 et
1613 3594 1668 3633 ak
1691 3592 1858 3645 (ahva‘e)
1886 3596 2013 3637 sedes
2032 3606 2134 3636 suas
2152 3608 2290 3647 prope
2310 3606 2444 3647 aquas
2470 3596 2577 3635 sitas

570 3661 796 3712 designare
830 3671 907 3701 eos
933 3661 1087 3700 solitos
1115 3670 1233 3710 esse,
1258 3660 1360 3700 iude
1390 3660 1659 3710 „Heli-dom
1684 3673 1718 3699 =
1738 3662 1887 3701 sedem
1915 3650 2043 3711 Juita
2070 3665 2228 3704 claram
2256 3675 2409 3715 aquam
2436 3663 2579 3712 sitam,

571 3729 854 3779 significasse,
879 3739 1007 3777 quam
1026 3737 1176 3767 vocem
1190 3727 1238 3767 in
1260 3728 1477 3777 „Keldon“
1499 3729 1738 3779 transiisse,
1765 3730 1878 3769 unde
1907 3718 2144 3772 »Κελταί“
2174 3737 2315 3782 atque,
2332 3729 2575 3781 „Kaledon“

568 3807 802 3846 rursusque
822 3806 878 3835 ex
893 3795 1135 3845 posteriore
1154 3796 1330 3835 nomine
1361 3796 1564 3846 „Kaleten
1578 3809 1610 3835 =
1625 3797 1805 3837 Galatea
1822 3810 1851 3835 =
1865 3796 2038 3838 Gallen“
2061 3799 2351 3840 descendisse.
2376 3819 2426 3828 —-
2450 3795 2583 3851 ,ὖίίῑῐσ

570 3874 718 3915 manu,
743 3862 855 3919 551st-
882 3869 1005 3915 emm.
1031 3862 1149 3912 mett.
1175 3860 1245 3907 fib.
1271 3866 1309 3907 ι’.
1337 3863 1424 3907 teir.
1450 3875 1575 3916 germ.
1604 3863 1787 3917 58011οῇ-
1809 3877 1855 3915 p.
1880 3866 1971 3907 117.

670 3964 712 4016 5)
739 3961 999 4020 „etiamnum
1023 3962 1136 4021 «51st-
1162 3969 1285 4020 emm.
1312 3964 1385 4018 ῆι,
1414 3964 1566 4012 merua
1593 3966 1708 4008 1798.
1746 3979 1791 4018 p.
1818 3968 1894 4008 139

664 4064 708 4117 6)
735 4065 859 4107 Cous.
884 4078 928 4117 p.
956 4066 1020 4107 15.
