3028 5138
1192 461 1752 533 ——39——x

544 651 605 707 p.
646 631 781 691 185.
866 630 934 693 Sa·
980 631 1148 688 alcun
1182 632 1369 704 jetted
1416 634 1491 691 les
1540 633 1750 691 chatels
1783 636 1918 708 sors
1974 635 2043 691 de
2091 634 2150 693 la
2188 637 2294 710 ms
2331 652 2462 695 senz

646 736 842 804 busun,
880 733 976 790 s'il
1010 734 1220 790 rendet.

608 832 731 894 Sed
756 843 853 893 sat
877 834 1311 910 exemplorum:
1338 834 1392 893 si
1421 834 1556 911 quis
1583 853 1710 893 rem
1736 835 2073 895 accuratius
2094 853 2459 914 cognoscere

453 936 734 1007 voluerit,
773 937 829 995 is
866 936 1034 1013 leges
1074 936 1240 1011 ipsas
1278 934 1535 993 evolvat.
1591 934 1761 993 Haec
1799 936 1986 1013 igitur
2026 946 2167 996 sunt
2201 940 2458 1015 primor-

438 1038 558 1098 dia
609 1037 855 1115 linguae
910 1038 1153 1095 franco-
1164 1036 1448 1114 gallicae,
1504 1036 1606 1094 hic
1663 1045 1758 1096 est
1811 1055 2041 1109 sermo,
2100 1057 2218 1116 quo
2269 1039 2457 1118 Angli

454 1138 636 1197 aulici
675 1138 1016 1209 utebantur,
1056 1138 1162 1217 qui
1198 1137 1426 1197 scholis
1465 1137 1832 1196 tradebatur.
1888 1136 2085 1197 Nemo
2125 1140 2303 1216 hujus
2341 1141 2456 1200 lin-

453 1257 606 1317 guae
647 1238 896 1315 ignarus
934 1238 1179 1315 publico
1219 1257 1465 1297 munere
1503 1239 1674 1315 fungi
1713 1246 1969 1315 poterat.

608 1337 788 1411 Quod
836 1338 914 1397 ad
963 1339 1146 1396 verba
1191 1339 1329 1415 ipsa
1371 1338 1615 1409 attinet,
1673 1338 1958 1416 graviora
1999 1358 2076 1399 ex
2112 1343 2457 1418 germanica

451 1440 655 1499 radice
693 1440 1017 1508 fluxerunt,
1064 1446 1131 1496 ut
1175 1440 1487 1514 „hemfare,
1534 1459 1692 1515 waqe
1703 1482 1721 1510 ,
1761 1441 1946 1515 pleye,
1986 1460 2157 1512 were,
2196 1444 2454 1519 Buryist,

452 1542 699 1611 halberz‚
766 1541 1019 1609 baumes,
1087 1540 1342 1610 launcez,
1401 1541 1684 1616 palafrei‚
1746 1552 2025 1616 quaram,
2085 1543 2453 1616 Houvelborh,

450 1645 697 1713 murdre,
745 1642 1022 1711 hundred,
1069 1660 1247 1711 maro,
1273 1644 1455 1717 franc
1467 1642 1673 1717 -pleye,
1711 1641 1938 1700 busun.“

600 1746 802 1819 Atque
841 1760 964 1801 non
998 1743 1179 1801 modo
1220 1743 1285 1800 in
1322 1743 1528 1801 verbis
1566 1742 1740 1818 ipsis,
1780 1743 1886 1801 sed
1926 1744 2107 1802 etiam
2145 1746 2209 1803 in
2235 1746 2453 1805 forma-

447 1846 616 1905 tione
652 1844 973 1904 verborum
1013 1850 1074 1901 et
1108 1843 1556 1903 constructione
1590 1843 1938 1920 germanica
1967 1853 2186 1904 natura
2214 1847 2454 1904 emicat:

448 1947 892 2022 „franc-home,
935 1947 1118 2018 franc
1131 1945 1386 2019 -pk9e“;
1451 1946 1689 2017 „aveir“
1743 1951 2103 2020 potestatem
2162 1946 2452 2006 teutonici

447 2045 714 2124 „baben
757 2043 1111 2122 planissime
1164 2044 1373 2115 refert;
1448 2054 1629 2121 atque
1688 2045 1764 2103 de
1799 2046 2057 2121 pecude
2101 2056 2454 2124 usurpatum

447 2149 768 2227 reperitur:
808 2147 891 2218 „k
929 2146 1177 2204 meilleur
1215 2149 1374 2204 aveir
1412 2147 1556 2222 qu'il
1591 2165 1767 2205 avora
1803 2166 1844 2204 u
1884 2147 2071 2205 chival
2107 2149 2242 2206 etc.“
2290 2147 2450 2206 Ten·

446 2250 651 2309 tonica
685 2247 983 2324 particula
1020 2246 1148 2328 „so‘f
1185 2271 1253 2296 =
1291 2247 1407 2318 „si“
1444 2248 1749 2322 posterius
1789 2248 2232 2307 enunciationis
2271 2261 2453 2308 mem'-

451 2352 620 2408 brum
658 2348 850 2425 priori
891 2348 1243 2418 adnectens,
1294 2348 1545 2425 ubique,
1594 2349 1774 2406 etiam
1820 2350 1874 2407 si
1913 2349 2210 2424 particula
2248 2350 2452 2408 condi-

448 2450 695 2509 tionalis
723 2451 839 2521 „affl
865 2449 1190 2524 praecedit,
1219 2447 1563 2506 adhibetur:
1599 2450 1694 2521 „ki
1721 2450 1856 2508 altri
1882 2468 2106 2524 espouse
2122 2453 2367 2525 puryist,
2393 2455 2453 2508 si

436 2548 655 2629 forfait
679 2552 738 2610 la
765 2551 939 2610 were“
950 2569 974 2618 ,·
1013 2552 1146 2625 „qui
1178 2550 1223 2606 il
1256 2550 1337 2607 l'a
1352 2552 1497 2624 fait,
1525 2552 1630 2607 sin
1653 2552 1927 2609 rendrunt
1952 2551 2000 2608 le
2026 2553 2255 2610 murdre
2282 2554 2452 2620 etc.“‚·

449 2658 622 2714 dunc
671 2651 1051 2732 germanicae
1100 2651 1432 2726 particulae
1481 2652 1706 2723 „damst
1746 2652 2093 2727 respondet:
2144 2672 2206 2723 „e
2253 2654 2347 2710 s’il
2383 2672 2451 2710 ne

450 2756 591 2826 l’ad,
632 2757 673 2812 d
681 2774 807 2813 unc
845 2755 1122 2811 nomerad
1156 2770 1294 2810 sozm
1331 2753 1729 2811 Heuvelborh‘fi

455 2837 461 2844 ⁵
600 2855 917 2915 Vocalium
974 2855 1369 2914 conformatio
1428 2862 1552 2913 tam
1611 2862 1815 2931 aperte
1880 2856 2185 2914 teutonico
2243 2855 2452 2913 funda-

448 2967 648 3017 mento
691 2958 939 3030 insistit,
979 2966 1046 3016 ut
1084 2976 1206 3015 non
1246 2957 1345 3026 sit,
1384 2975 1491 3015 cur
1530 2956 1773 3033 longius
1813 2957 2234 3016 demonstrem.

600 3060 673 3117 In
712 3059 1058 3117 universum
1098 3057 1565 3116 constructionis
1612 3057 1779 3134 leges
1830 3057 1907 3115 ad
1951 3057 2277 3133 perfectam
2316 3076 2454 3114 nor-

448 3179 606 3219 mam
637 3163 765 3236 jam
804 3159 1079 3218 excultae
1117 3159 1306 3226 fuisse
1345 3158 1752 3215 aestimandae
1801 3166 1965 3228 sunt:
2016 3158 2222 3217 videas
2271 3158 2453 3217 modo

447 3264 603 3321 hanc
661 3260 1170 3331 enunciationem,
1237 3278 1390 3336 quae
1446 3278 1522 3315 ne
1578 3277 1737 3317 nunc
1793 3259 2033 3335 quidem
2099 3260 2453 3318 melioribus

449 3363 715 3421 numeris
753 3362 1002 3419 formari
1048 3367 1275 3437 potest:
1326 3359 1468 3430 „Ces
1516 3369 1674 3417 scunt
1721 3360 1797 3417 les
1836 3359 1978 3417 Lois
2027 3370 2078 3417 et
2125 3360 2202 3417 les
2247 3357 2449 3418 Gustu-

448 3482 588 3532 mes‚
648 3481 751 3537 que
799 3462 840 3518 li
880 3464 1015 3519 Rei-s
1067 3461 1321 3518 William
1362 3470 1636 3536 grauntat
1685 3481 1723 3517 a
1771 3470 1853 3518 tut
1902 3460 1950 3517 le
1990 3460 2166 3535 puple
2206 3461 2275 3518 de
2324 3460 2450 3518 En-

445 3565 676 3639 yleterre
716 3581 884 3637 apres
923 3563 971 3619 le
1016 3563 1286 3638 Conquest
1327 3564 1396 3619 de
1436 3563 1495 3619 la
1535 3572 1677 3619 terre
1693 3560 1740 3618 “.
1819 3559 1950 3618 Nec
2000 3560 2217 3620 desunt
2265 3560 2449 3618 artifi-

450 3665 634 3723 cioris
663 3664 1129 3723 constructionis
1157 3663 1467 3739 ambages:
1506 3667 1598 3734 „si
1637 3682 1711 3719 ne
1748 3663 1961 3719 rendra
1995 3680 2116 3737 que
2149 3663 2206 3719 la
2242 3662 2451 3720 meite“.

603 3763 724 3824 Sed
762 3782 908 3823 usus
937 3764 1311 3841 singulorum
1339 3780 1603 3834 casuum,
1643 3763 1897 3839 genitivi
1923 3762 2265 3837 praecipue,
2304 3779 2451 3818 non-

449 3867 588 3925 dum
640 3866 789 3926 satis
839 3872 1036 3922 certus
1085 3873 1145 3922 et
1191 3864 1511 3946 distinctus
1560 3862 1693 3935 fuit,
1740 3883 1860 3940 qua
1907 3862 1971 3921 in
2019 3881 2085 3919 re
2125 3861 2453 3918 notandum

451 3976 562 4041 est,
602 3967 1033 4027 obscuritatem
1071 3964 1420 4025 consociata
1457 3963 1855 4041 „subjectiva“
1893 3972 1954 4022 et
1988 3960 2352 4040 „objectiva“
2390 3961 2457 4019 vi
