3028 5138
1364 556 1499 568 -...
1589 520 1670 590 14
1756 558 1895 569 —.

1058 685 1135 744 no
1168 687 1459 746 minentis
1491 685 1935 761 muco-gameno
1967 686 2206 759 mnae.

782 791 1120 851 Colluviem
1152 812 1285 851 esse
1322 794 1592 870 linguam
1628 794 2147 872 franco-gallicam
2188 793 2629 852 diversissimo-

628 916 760 954 rum
795 896 1222 952 elementorum
1264 897 1510 971 ejusque
1539 895 1725 953 verba
1762 897 1858 954 vel
1898 904 2183 972 corrupta
2220 895 2319 955 vel
2358 894 2632 953 mutilata

627 1016 759 1057 esse
786 996 959 1054 multi
1000 996 1253 1054 infensis
1295 997 1511 1054 animis
1542 997 1951 1055 criminantur.
2009 999 2095 1055 At
2118 996 2379 1074 primum
2405 996 2632 1066 nesci0,

627 1117 703 1156 an
752 1098 976 1172 injuria
1020 1096 1263 1174 linguae
1315 1098 1712 1170 obtrectetur,
1761 1098 1923 1177 quod
1971 1118 2049 1156 ex
2099 1098 2308 1156 latinis
2353 1097 2548 1155 literis
2597 1116 2635 1154 a

617 1198 875 1274 juvenili
923 1198 1141 1257 alacris
1189 1200 1455 1258 nationis
1504 1201 1742 1259 fervore
1791 1201 2048 1278 arreptis
2100 1209 2235 1259 orta
2272 1200 2370 1259 sit.
2453 1196 2633 1272 Quod

626 1301 679 1359 si
719 1308 933 1377 postea
970 1299 1203 1371 italica,
1251 1301 1569 1377 hispanica
1616 1302 1853 1379 aliaque
1891 1303 2077 1361 verba
2120 1302 2632 1378 immigraverunt,

624 1402 850 1461 similia
887 1402 1098 1478 quavis
1140 1402 1203 1459 in
1249 1402 1459 1479 lingua
1494 1403 1903 1478 reperiuntur3
1950 1411 2127 1480 atque
2168 1403 2503 1479 quaeritur,
2553 1420 2630 1458 an

625 1503 930 1562 uberrima
984 1503 1193 1580 lingua
1246 1505 1618 1581 germanica,
1678 1524 1830 1582 quae
1880 1512 1973 1562 tot
2027 1504 2213 1562 verba
2269 1522 2347 1561 ex
2396 1502 2631 1561 franco-

624 1605 846 1683 gallica
883 1612 1153 1662 mutuata
1192 1605 1300 1677 sit,
1348 1606 1597 1663 eandem
1637 1625 1815 1683 quam
1854 1605 2311 1683 franco-gallica
2349 1604 2633 1662 virtutem

626 1706 962 1765 alienorum
1020 1705 1449 1764 elementorum
1512 1724 1624 1765 suo
1683 1708 1931 1784 ingenio
1988 1706 2632 1765 accommodandorum

624 1807 901 1866 ediderit.
978 1806 1060 1864 Et
1099 1807 1344 1891 omnino
1384 1807 1595 1886 lingua
1631 1808 1853 1885 magis,
1905 1828 2058 1885 quae
2096 1808 2404 1880 laudetur,
2453 1826 2632 1884 quam

623 1927 776 1985 quae
823 1908 1222 1985 vituperetur,
1271 1910 1456 1986 digna
1492 1917 1617 1981 est,
1666 1910 1720 1968 si
1761 1918 2001 1968 servata
2044 1910 2295 1986 propria
2341 1916 2557 1967 natura
2595 1928 2634 1969 a

632 2009 936 2067 communi
983 2011 1341 2069 commercio
1390 2028 1516 2068 non
1565 2010 1868 2070 abhorret.
1917 2044 1994 2054 —
2047 2010 2439 2088 Etymologia
2487 2028 2632 2068 sane

621 2110 1114 2187 franco-gallicae
1138 2112 1382 2190 linguae
1410 2112 1716 2171 interdum
1742 2112 2103 2171 difficillima
2128 2120 2239 2184 est,
2280 2112 2385 2171 sed
2416 2111 2633 2189 vulgus

622 2212 1141 2289 franco-gallicum
1179 2213 1335 2272 hanc
1375 2214 1454 2272 ob
1496 2232 1740 2273 causam
1780 2233 1903 2273 non
1942 2215 2142 2273 minus
2183 2232 2361 2291 quam
2401 2231 2632 2290 germae

623 2314 824 2373 uicum
865 2314 960 2371 sui
1002 2315 1299 2372 sermonis
1320 2315 1600 2390 ,peritum
1635 2324 1744 2374 est.
1815 2314 2214 2375 Germanicae
2253 2314 2490 2373 radices
2528 2332 2632 2390 pa-

623 2416 772 2473 riter
801 2413 1124 2473 Germanis
1164 2435 1343 2493 quam
1380 2416 1874 2494 franco-gallicae
1901 2415 2350 2493 Franco—gallis
2389 2415 2634 2492 ignotae

626 2524 783 2577 sunt.
847 2516 1052 2576 Altior
1092 2517 1360 2595 cognitio
1400 2517 1646 2596 linguae
1685 2519 1885 2580 ubivis
1924 2518 2076 2579 viris
2116 2517 2332 2590 doctis,
2371 2534 2495 2577 non
2523 2517 2631 2574 hu-

622 2619 756 2678 mili
782 2619 963 2696 vulgo
1005 2619 1148 2678 data
1172 2628 1281 2677 est.
1320 2651 1396 2661 ——
1434 2621 1636 2699 Atque
1674 2621 1918 2700 linguae
1944 2622 2131 2681 verba
2167 2619 2482 2697 paullatim
2521 2618 2632 2676 im-

623 2729 955 2791 mutantur3
1015 2721 1231 2798 quodsi
1279 2730 1371 2781 tot
1419 2722 1680 2802 saeculis
1738 2723 2168 2800 praeterlapsis
2219 2722 2407 2780 verba
2451 2720 2632 2778 aliam

623 2822 878 2880 formam
904 2821 1243 2895 induerunt,
1284 2823 1392 2882 vix
1413 2823 1693 2882 mutilata
1728 2824 2169 2901 depravataque
2210 2823 2332 2881 dici
2357 2828 2632 2898 possunt.

627 2921 790 2997 Quid
839 2931 1016 2982 nocet
1059 2926 1264 3001 prisco
1312 2934 1557 2997 trunco,
1601 2925 1656 2983 si
1705 2925 1912 2983 aridos
1960 2941 2161 2981 ramos
2210 2922 2631 2994 deciderimus,

625 3033 693 3084 ut
733 3024 874 3083 novi
911 3026 1398 3103 progerminent?
1419 3027 1469 3101 1)

1290 3139 1364 3198 Do
1399 3139 1615 3199 celticis
1651 3139 1959 3199 clementis.

777 3238 921 3297 «Iam
967 3238 1033 3296 in
1082 3238 1334 3297 exordio
1383 3238 1831 3298 dissertationis
1872 3236 2146 3296 celticam
2189 3236 2460 3314 linguam
2498 3255 2634 3296 cum

626 3342 970 3421 germanica
1002 3359 1222 3417 magna
1259 3339 1704 3398 necessitudine
1730 3343 2110 3416 conjunctam
2135 3357 2269 3398 esse
2309 3338 2655 3409 innuimus„

626 3447 827 3520 Atque
883 3440 1119 3513 nesci0,
1177 3461 1254 3498 an
1312 3441 1467 3498 hanc
1524 3441 1768 3517 quidem
1822 3440 2182 3500 sententiam
2238 3442 2375 3517 ipsa
2420 3440 2636 3499 celtica

626 3545 839 3618 verba,
899 3552 966 3602 ut
1030 3561 1183 3620 quae
1245 3541 1531 3620 pleraque
1598 3543 1675 3602 ad
1733 3544 2069 3603 teutonicas
2128 3542 2364 3604 radices
2420 3541 2634 3601 referri

627 3646 884 3723 possint,
926 3644 1297 3715 confirment,
1336 3652 1429 3702 utt

706 3805 771 3857 ,1)
796 3806 890 3846 Jac.
915 3804 1102 3856 Grimm,
1134 3805 1341 3847 deutsche
1370 3805 1574 3857 Gramm„
1599 3807 1669 3858 11.,
1695 3806 1778 3847 14:
1829 3806 1914 3847 Die
1941 3806 2244 3847 wurzelreiche
2272 3804 2423 3845 altone
2451 3801 2633 3852 spi-acho

627 3874 789 3914 erlrout
813 3875 909 3915 sich
932 3874 1184 3924 lebendiger
1207 3885 1364 3914 namen
1393 3876 1484 3914 und
1508 3874 1690 3924 vortat,
1725 3874 1796 3914 fiir
1821 3875 1954 3915 deren
1979 3873 2349 3922 nothwendigkeit
2375 3871 2464 3910 und
2489 3872 2634 3909 bezie-

628 3942 799 3991 hungen
835 3942 906 3981 ihr
938 3942 1036 3980 eine
1069 3941 1173 3981 fiille
1211 3954 1295 3983 von
1330 3944 1531 3982 ablanten
1565 3954 1622 3984 zu
1655 3944 1809 3993 gebote
1837 3943 2003 3983 stenen.
2054 3941 2138 3980 Die
2167 3940 2361 3989 spitere,
2394 3938 2539 3978 indem
2567 3941 2632 3979 sio

627 4009 812 4049 wurzeln
840 4009 1050 4059 ausgiebt‚
1076 4010 1245 4049 ablaute
1272 4009 1423 4048 fabren
1449 4009 1579 4059 lisst,
1613 4011 1749 4049 strebt
1774 4010 1908 4048 durch
1935 4008 2169 4057 ffirderung
2195 4008 2273 4046 der
2298 4007 2519 4055 ableitung
2544 4005 2632 4045 und

629 4081 1078 4127 zusammensetzung,
1103 4076 1432 4127 bewosslichkeit
1455 4077 1546 4117 und
1572 4076 1855 4117 deutlichkelt
1880 4077 1957 4115 das
1984 4085 2117 4125 ganzo
2145 4084 2199 4113 zu
2224 4073 2635 4126 vervollkommnen.
