3028 5138
1180 570 1715 640 ,5-

443 743 679 802 debant
699 740 779 816 1),
835 742 951 800 etsi
1003 743 1260 819 denique
1308 744 1589 811 Massilia
1638 743 1955 805 Gallorum
1995 745 2271 807 Athenae
2321 766 2455 808 esse

442 843 909 922 praedicabatur
940 843 1019 920 2):
1084 845 1276 903 latina
1334 853 1538 903 tamen
1583 846 1795 925 lingua
1849 856 1917 905 ut
1962 849 2145 907 arbor
2194 849 2454 908 alienam

442 949 509 1006 in
564 946 874 1024 regionem
934 947 1376 1023 transplantata
1442 968 1747 1026 nunquam
1817 950 1880 1007 in
1941 947 2148 1009 Gallia
2203 959 2453 1010 naturae

443 1050 715 1127 vigorem
756 1047 1049 1120 obtinuit,
1099 1059 1226 1108 arte
1266 1070 1388 1108 non
1429 1060 1671 1122 natura,
1714 1050 1874 1109 alma
1912 1053 2176 1126 nutrice,
2217 1053 2452 1111 coleba-

444 1161 560 1212 tur.
665 1149 909 1210 Gallica
982 1149 1284 1227 elegantia
1355 1153 1541 1212 nimis
1615 1154 1945 1212 artificiosa
2013 1136 2454 1214 Germanorum

442 1251 915 1330 irrumpentibus
975 1253 1234 1311 catervis
1294 1255 1538 1313 saeculo
1586 1256 1661 1314 V.
1723 1256 1918 1314 cultus
1976 1256 2212 1314 romani
2272 1257 2451 1316 flores

445 1353 895 1432 detergentibus
936 1353 1276 1413 abstrusam
1318 1355 1749 1415 obscuritatem
1789 1358 2070 1434 captabat
2088 1358 2159 1433 ³).
2200 1389 2277 1399 —-

596 1456 921 1515 Praeterea
969 1456 1035 1513 in
1083 1457 1443 1533 quibusdam
1491 1467 1654 1517 certe
1696 1457 1936 1518 Galliae
1975 1459 2249 1535 partibus
2294 1461 2449 1536 pris-

444 1580 574 1620 cam
613 1560 883 1636 linguam
922 1559 1227 1616 communi
1266 1560 1332 1617 in
1372 1561 1734 1620 commercio
1772 1561 2038 1618 nondum
2075 1560 2452 1620 obsolevisse

442 1661 855 1721 testimonium
932 1660 1184 1735 praebet
1249 1660 1551 1737 Ulpianus
1584 1663 1664 1738 4).
1779 1660 2122 1739 (Sulpicius
2189 1660 2449 1722 Severus

440 1764 607 1823 Dial.
666 1763 715 1820 Ι.
775 1760 882 1820 ult.
945 1762 1265 1840 distinguit
1321 1763 1479 1822 inter
1540 1764 1815 1824 celticam
1874 1763 2271 1841 gallicamque
2335 1764 2450 1822 lin-

440 1865 666 1945 guam.)
753 1863 1009 1939 Insuper
1059 1864 1299 1922 acriora
1347 1866 1421 1923 de
1468 1865 1605 1942 lege
1651 1866 1841 1925 salica
1888 1865 2089 1925 studia
2127 1866 2449 1924 admodum

439 1965 758 2046 probabile
808 1965 1202 2025 reddiderunt
1260 1966 1477 2025 celtica
1517 1970 1660 2041 jura
1699 1970 1877 2041 juxta
1932 1966 2124 2024 latina
2171 1967 2451 2025 instituta

441 2070 652 2128 eodem
707 2067 888 2125 modo
949 2086 1068 2143 quo
1130 2068 1477 2145 indigenam
1533 2069 1804 2146 linguam
1846 2071 2024 2142 juxta
2071 2067 2449 2145 peregrinam

440 2172 508 2229 in
545 2170 768 2228 finibus
806 2167 1132 2246 Belgarum
1173 2170 1422 2229 durasse
1442 2169 1514 2246 5).

593 2271 795 2346 Quum
842 2271 906 2327 in
955 2271 1223 2348 gentium
1280 2271 1642 2349 migratione
1692 2270 1889 2329 omnis
1939 2267 2148 2328 Gallia
2196 2252 2447 2330 Germa-

440 2394 653 2434 norum
711 2372 905 2450 copiis
967 2372 1218 2448 impleta
1275 2381 1452 2449 atque
1502 2373 1915 2431 Romanorum
1974 2372 2280 2430 imbecillo
2339 2374 2447 2431 im-
2517 2364 2522 2370 ’

440 2478 608 2556 perio
659 2482 866 2550 erepta
914 2482 1101 2545 esset,
1152 2475 1334 2532 etiam
1383 2474 1720 2533 artificialis
1767 2475 1885 2532 iste
1932 2474 2177 2552 linguae
2223 2475 2448 2533 latinae

440 2581 634 2640 cultus
679 2577 880 2654 periit.
930 2610 1005 2618 —
1055 2574 1456 2652 Sequentibus
1507 2577 1765 2634 saeculis
1811 2594 2001 2653 usque
2042 2578 2118 2635 ad
2159 2575 2447 2635 Carolum

439 2685 724 2760 Magnum
746 2679 1012 2738 tenebris
1040 2678 1419 2756 ignorantiae
1447 2678 1937 2753 immanitateque
1961 2678 2261 2736 barbariei
2280 2698 2446 2755 pres-

441 2786 526 2844 sis
566 2783 744 2841 initia
781 2780 1295 2858 franco-gallicae
1340 2778 1586 2856 linguae
1624 2779 1879 2855 produci
1919 2788 2134 2857 coepta
2171 2788 2327 2839 sunt.
2369 2813 2446 2823 ·--

442 2885 562 2948 Sed
588 2902 947 2961 quamquam
985 2890 1053 2940 ut
1079 2881 1359 2940 omnibus
1387 2881 1451 2939 in
1476 2881 1754 2958 partibus
1782 2901 1820 2939 a
1845 2882 2063 2940 mentis
2093 2882 2445 2954 subtilitate,

440 3008 561 3047 non
612 3008 650 3045 a
696 2986 969 3062 corporis
1021 2983 1243 3041 robore
1291 2982 1724 3059 pendentibus,
1781 2983 1871 3042 sic
1920 2982 2017 3042 hic
2066 3002 2300 3060 quoque
2349 3003 2445 3042 ro-

438 3109 617 3168 mana
656 3088 984 3147 auctoritas
1022 3085 1459 3162 praepollebat,
1501 3085 1727 3169 devicti
1766 3093 1965 3142 tamen
2003 3085 2274 3150 Romani,
2294 3083 2446 3143 Ger-

440 3192 636 3251 manis
712 3187 1150 3266 imperantibus
1228 3186 1498 3264 linguam
1566 3205 1738 3245 suam
1803 3204 1926 3243 non
1990 3186 2055 3244 vi
2132 3186 2446 3263 injungere

438 3301 734 3373 poterant.
762 3324 838 3334 -
867 3290 1188 3365 Quocirca,
1230 3297 1293 3347 ut
1308 3288 1573 3351 ‚latinam
1598 3288 1868 3366 linguam
1895 3286 2211 3365 paullatim
2237 3304 2445 3347 rursus

541 3525 582 3575 1)
611 3522 840 3573 Angustia.
873 3521 965 3560 Oiv.
990 3519 1091 3560 Dei.
1114 3520 1228 3559 xlx.
1253 3530 1297 3569 p.
1322 3519 1383 3559 ’1.ε
1423 3521 1482 3559 At
1508 3519 1626 3559 enim
1655 3529 1787 3568 opera
1814 3518 1915 3557 data
1942 3522 2023 3567 est,
2049 3522 2098 3557 nt
2123 3516 2361 3566 imperiosa
2385 3517 2447 3557 ci-

438 3593 549 3633 vitas
576 3602 664 3632 non
691 3591 830 3631 solum
852 3590 1028 3639 jugum,
1057 3599 1208 3628 verum
1234 3588 1367 3628 etiam
1391 3587 1584 3639 linguam
1610 3597 1733 3629 suam
1760 3586 1938 3627 domitis
1964 3587 2165 3637 gentibus
2192 3596 2272 3637 per
2295 3596 2448 3635 pacem

439 3660 661 3703 societatis
686 3659 945 3707 imponeret.

539 3743 582 3796 2)
610 3744 780 3792 Cicero,
803 3754 849 3791 p.
871 3742 936 3781 Fl.
961 3740 1048 3790 264
1077 3741 1271 3791 Tacitus,
1299 3741 1488 3792 Agricol.
1512 3742 1575 3790 4.;
1610 3742 1763 3781 Strabo
1789 3740 1863 3780 IV.
1887 3751 1931 3789 p.
1957 3739 2046 3779 181.

541 3828 583 3879 3)
612 3826 738 3868 Cous.
762 3823 1030 3877 wernberti),
1057 3823 1268 3876 mi‘mifdn
1296 3824 1521 3875 mitratur,
1545 3825 1672 3881 ,finite
1701 3824 1815 3865 1850.
1854 3835 1898 3873 p.
1923 3823 2013 3864 306.

540 3914 583 3965 4)
613 3913 823 3962 Ulpianus
848 3910 895 3950 in
922 3911 1050 3960 Digg.
1075 3910 1261 3961 xxxn„
1287 3912 1373 3952 Tit.
1398 3911 1432 3950 1.
1466 3923 1510 3961 p.
1537 3912 1620 3951 11.:
1659 3909 1787 3950 Fidei
1814 3909 2048 3949 commissa
2074 3917 2330 3958 quocunque
2357 3918 2448 3948 ser-

438 3993 566 4023 mons
592 3980 780 4030 relinqui
804 3982 1002 4029 possunt,
1027 3989 1115 4023 uon
1143 3978 1283 4019 solum
1307 3979 1466 4018 Latina
1492 3981 1562 4021 vel
1579 3978 1758 4030 Graeca,
1784 3979 1862 4021 sed
1888 3978 2021 4019 etiam
2037 3976 2205 4018 Punica
2229 3977 2299 4018 vel
2325 3975 2447 4018 Gal·

436 4051 618 4091 licana
642 4048 710 4087 vel
735 4047 915 4087 alterius
942 4048 1232 4097 cujuscunque
1260 4048 1416 4097 gentis.

539 4133 582 4186 5)
609 4130 876 4185 wernberti),
903 4129 1115 4185 minume
1139 4131 1361 4183 mutatur,
1385 4142 1429 4183 p.
1454 4132 1519 4173 72.
