3028 5138
380 1576 499 1648 De
551 1577 927 1650 elementis
942 1630 965 1668 ‚
1035 1582 1477 1672 germanicis
1526 1583 2020 1677 potissimum,
2091 1583 2387 1681 linguae

1059 1716 1316 1789 franco
1334 1757 1360 1774 -
1379 1719 1710 1813 gallicae.

375 2016 496 2148 D
501 2107 535 2146 e
560 2086 873 2146 elementis
897 2086 1664 2167 linguae‘franco-gallicae
1701 2072 2035 2167 scripturus
2062 2088 2139 2149 ex
2169 2091 2390 2152 latiore

379 2202 440 2250 et
478 2190 821 2266 copiosiore
864 2193 1366 2250 commentatione
1414 2193 1530 2266 „de
1568 2192 1804 2270 origine
1842 2200 2020 2269 atque
2057 2213 2386 2272 progressu

376 2292 619 2376 linguae
669 2292 878 2350 franco
901 2326 926 2337 ·
947 2294 1244 2370 gallicae“
1298 2313 1372 2351 ea
1416 2293 1803 2370 praemittere
1850 2294 2045 2368 volui,
2106 2316 2258 2372 quae
2308 2299 2386 2355 ad

377 2395 761 2471 quaestiones
803 2395 878 2451 de
918 2395 1229 2454 elementis
1278 2396 1446 2454 illius
1486 2395 1732 2472 linguae
1772 2396 2140 2456 dirimendas
2181 2417 2386 2457 neces-

377 2496 538 2554 saria
577 2512 710 2554 esse
750 2495 899 2553 mihi
938 2497 1303 2555 viderentur.

526 2602 726 2675 Atque
774 2600 1033 2676 primum
1083 2619 1205 2656 non
1247 2609 1367 2671 est,
1416 2618 1523 2656 cur
1569 2598 1845 2656 ridiculis
1893 2599 2382 2659 hallucinationi-

374 2701 487 2761 bus
537 2697 745 2760 eorum
792 2701 1206 2773 immoremur,
1255 2701 1358 2776 qui
1406 2697 1941 2776 franco-gallicam
1990 2700 2258 2778 linguam
2305 2722 2383 2762 ex

375 2802 635 2874 vascica,
674 2803 771 2861 vel
811 2803 1116 2876 hebraica,
1155 2802 1252 2861 vel
1281 2802 1539 2878 denique
1569 2801 1813 2859 arabica
1850 2802 2060 2879 lingua
2087 2796 2386 2862 deducere

375 2906 576 2962 conati
619 2912 775 2962 sunt.

524 3005 813 3064 Pluribus
853 3006 1223 3083 argumentis
1251 3006 1460 3082 opinio
1503 3003 1706 3080 graeci
1736 3004 1933 3062 fontis
1973 3004 2088 3061 niti
2115 3005 2379 3063 videtur:

372 3125 648 3183 namque,
689 3116 750 3164 et
774 3107 1073 3179 Massilia,
1115 3105 1433 3165 Gallorum
1461 3106 1740 3163 Athenae
1781 3105 2134 3180 saepissime
2176 3103 2380 3181 appel-

370 3209 515 3280 lata,
556 3228 594 3266 a
619 3208 854 3286 graecis
882 3208 1117 3266 colonis
1159 3207 1404 3265 condita
1442 3215 1555 3278 est,
1596 3214 1655 3264 et
1694 3207 1758 3263 in
1785 3206 1962 3264 bellis
1990 3207 2180 3264 sacris
2210 3200 2383 3264 Galli

374 3309 748 3369 Graecorum
807 3310 1242 3368 consuetudine
1299 3328 1410 3385 per
1455 3309 1704 3384 longum
1764 3303 2064 3383 temporis
2114 3308 2378 3392 spatium

369 3411 710 3470 utebantur.
806 3414 1093 3470 Attamen
1150 3410 1342 3469 multa
1400 3420 1568 3483 sunt,
1628 3429 1783 3485 quae
1842 3410 1983 3467 huic
2042 3405 2378 3468 sententiae

371 3512 771 3572 obluctentur.
857 3512 1017 3571 Nam
1067 3531 1249 3590 quum
1296 3512 1544 3570 franco·
1555 3512 1779 3589 gallica
1824 3513 2123 3570 hodierna
2168 3510 2379 3588 lingua

370 3633 449 3672 ex
498 3614 957 3692 septentrionali
999 3613 1242 3674 Galliae
1287 3621 1488 3691 parte,
1539 3633 1617 3673 ex
1663 3614 1902 3691 lingua,
1953 3615 2105 3689 quae
2154 3609 2378 3671 dicitur

372 3716 618 3790 „d’oil“,
669 3716 965 3794 originem
1007 3714 1274 3787 duxerit,
1334 3714 1752 3773 meridionalis
1799 3715 1948 3772 haec
1997 3714 2240 3772 colonia
2297 3709 2382 3770 ad‘.

369 3818 537 3875 illam
595 3818 864 3894 linguam
922 3818 1297 3877 formandam
1353 3834 1633 3892 magnam
1684 3816 1808 3874 vim
1855 3833 2191 3891 propagare
2250 3831 2376 3872 non

371 3920 595 3994 potuit,
637 3920 752 3978 etsi
790 3939 984 3997 pauca
1021 3913 1324 3979 verba‘ex
1362 3934 1580 3995 graeco
1621 3917 1788 3975 fonte
1829 3917 2019 3975 inlata
2059 3935 2193 3975 esse
2233 3934 2373 3973 con-

371 4021 697 4079 cedendum
738 4030 847 4080 est.
929 4020 1109 4095 Quod
1148 4040 1291 4079 vero
1333 4020 1411 4079 ad
1450 4037 1808 4078 concursum
1837 4017 2155 4079 Gallorum
2183 4015 2371 4078 Grae-

1588 4126 1592 4130 '
2038 4123 2070 4177 1
