3028 5138
1330 518 1860 585 —2—

595 713 917 771 corumque
957 694 1023 752 in
1061 691 1240 750 bellis
1268 691 1458 750 sacris
1500 691 1734 764 attinet,
1773 707 1896 779 n·on
1921 707 2204 766 magnum
2244 688 2301 747 ei
2328 687 2594 747 tribuen-

596 800 737 856 dum
786 806 904 868 est,
965 795 1248 872 quoniam
1305 793 1413 849 illo
1463 801 1736 869 tempore
1782 812 1906 850 non
1965 791 2146 848 modo
2209 783 2606 847 fundamenta*

594 901 838 978 linguae
877 896 1367 973 franco-gallicae
1402 897 1570 968 jacta
1609 903 1798 965 erant,
1840 894 1946 952 sed
1988 893 2169 950 etiam
2208 891 2470 968 parietes
2511 891 2598 949 ita

589 1006 715 1076 jam
775 999 1065 1058 exstructi
1132 1006 1328 1068 erant,
1393 1003 1460 1053 ut
1520 994 1653 1054 sola
1712 996 2071 1072 contagione
2139 993 2323 1051 alieni
2387 992 2599 1068 populi

596 1103 785 1161 everti
827 1101 1160 1177 nequirent.
2572 1097 2579 1106 '

749 1204 891 1261 Jam
942 1203 997 1260 si
1045 1201 1385 1259 veresimile
1427 1207 1547 1271 est,
1597 1200 1757 1276 quod
1808 1198 2178 1274 accepimus,
2229 1197 2403 1255 sedes
2455 1195 2601 1255 Gal-

597 1307 717 1364 liae
758 1303 1088 1380 antiquitus
1129 1323 1165 1360 a
1206 1300 1397 1360 Celtis
1439 1310 1761 1377 occupatas
1803 1302 2011 1373 fuisse,
2052 1299 2252 1358 celtici
2286 1316 2450 1356 sane·
2471 1297 2602 1354 fon-

598 1409 680 1467 tis
730 1406 937 1483 opinio
986 1405 1183 1480 primo
1235 1405 1524 1480 adspectu
1571 1422 1695 1460 non
1741 1403 1993 1461 multum
2044 1423 2082 1460 a
2126 1420 2270 1460 vero
2321 1399 2601 1457 aberrare

597 1509 854 1566 videtur.
935 1504 1073 1578 Qua
1110 1506 1241 1563 veri
1283 1505 1483 1581 specie
1533 1505 1706 1564 multi
1746 1506 1866 1563 viri
1907 1505 2069 1562 docti
2117 1504 2206 1561 ita
2244 1501 2420 1559 abusi
2460 1499 2601 1570 sint,

598 1619 667 1668 ut
714 1608 986 1685 ingentia
1031 1607 1332 1684 glossaria
1375 1607 1651 1667 fictarum
1691 1607 2037 1666 celticarum
2076 1605 2349 1663 radicum
2377 1601 2605 1659 ‘conde-

597 1719 760 1783 rent,
821 1718 881 1767 et
929 1717 1150 1766 temere
1196 1707 1430 1781 verbis,
1490 1727 1643 1785 quae
1704 1728 1781 1766 ex
1837 1708 2028 1765 latina
2087 1706 2275 1781 stirpe
2333 1710 2605 1779 repetere

599 1812 935 1889 nequirent,
976 1810 1250 1868 celticam
1292 1808 1722 1889 etymologiam
1764 1815 2186 1885 supponerent.
2258 1804 2421 1879 Quin
2460 1819 2604 1861 vero

600 1913 851 1972 latinam
917 1912 1187 1988 linguam
1247 1909 1495 1968 celticae
1557 1912 1734 1987 stirpi
1809 1909 1982 1987 quasi
2048 1907 2413 1966 inoculatam
2473 1922 2608 1963 esse

601 2014 881 2072 arbitrati
932 2022 1088 2072 sunt.
1139 2045 1216 2054 ——
1262 2012 1483 2070 Merito
1536 2012 1751 2070 celtica
1808 2012 1957 2070 haec
2018 2009 2257 2068 insania
2303 2007 2610 2084 plerisque

604 2124 885 2193 suspecta
909 2115 1183 2172 habetur.
1249 2112 1382 2171 Nec
1409 2115 1559 2187 scio,
1601 2133 1679 2171 an
1709 2111 2187 2190 franco-gallicis
2213 2109 2363 2169 viris
2392 2109 2608 2180 doctis,

604 2218 785 2275 etiam
833 2217 1010 2292 hujus
1059 2215 1225 2286 aevi,
1275 2215 1496 2291 quippe
1546 2216 1652 2291 qui
1698 2215 2073 2292 germanicas
2134 2211 2428 2281 dialectos
2487 2229 2611 2268 non

603 2319 882 2390 calleant,
923 2317 1150 2375 crimen
1189 2324 1413 2372 temere
1451 2317 1727 2395 fictarum
1763 2316 2036 2375 radicum
2066 2313 2418 2373 celticarum
2454 2313 2608 2369 irro-

604 2421 737 2498 gari
774 2418 991 2495 possit.
1066 2415 1170 2477 Sic
1207 2416 1450 2474 lexicon
1478 2435 1516 2475 a
1541 2416 1966 2476 Bescherelleo
2007 2414 2365 2487 confectum,
2405 2431 2609 2489 quam-

601 2522 697 2580 vis
724 2519 1131 2597 praestantius
1174 2518 1389 2577 ceteris
1419 2535 1554 2577 esse
1582 2518 1852 2590 ducatur,
1891 2517 2125 2595 largam
2156 2523 2423 2594 segetem
2451 2515 2610 2576 arbi·

601 2622 925 2680 trariarum
953 2621 1300 2680 celticarum
1328 2620 1830 2697 etymologiarum
1858 2620 2144 2678 continet.
2180 2651 2257 2660 -
2295 2617 2386 2675 Le
2412 2616 2610 2675 Pelle-

606 2724 753 2794 tier,
807 2731 1018 2780 auctor
1068 2723 1214 2781 libri
1263 2723 1542 2798 inscripti
1597 2725 2038 2797 „Dictionnaire
2083 2723 2165 2778 du
2214 2721 2328 2778 bas·
2362 2717 2610 2790 bretoa“‚

601 2822 912 2882 nonnullis
947 2823 1350 2882 monumentis
1391 2823 1642 2881 celticae
1679 2824 1926 2901 linguae
1967 2841 2045 2880 ex
2085 2820 2327 2880 saeculo
2364 2819 2503 2878 XV.
2545 2837 2613 2878 se

606 2942 782 2983 usum
810 2941 943 2982 esse
972 2925 1293 3001 gloriatur3
1334 2924 1442 2984 sed
1480 2922 1577 2982 his
1618 2924 2020 2982 monumentis
2060 2922 2213 2998 ipsis
2237 2922 2388 2979 fides
2417 2921 2612 2979 detra·

606 3026 807 3084 henda
847 3034 966 3099 cst,
1016 3045 1198 3102 quum
1248 3024 1542 3084 dialectus
1582 3026 1912 3098 armorica,
1965 3024 2123 3100 (sive
2173 3023 2316 3098 „bas
2353 3022 2542 3104 breton
2553 3020 2611 3097 “)

609 3146 688 3187 ex
713 3127 910 3187 mistis
939 3145 1175 3205 graeca,
1213 3126 1423 3199 latina,
1463 3127 1827 3203 germanica,
1867 3124 2329 3203 fumeo-gallica
2356 3124 2615 3200 denique

607 3227 835 3307 linguis
878 3229 1214 3305 composita
1253 3244 1389 3285 esse
1428 3227 1722 3285 videatur.
2515 3305 2518 3308 Ι

763 3332 861 3390 Ab
920 3331 1038 3388 hoc
1094 3329 1232 3387 loco
1291 3346 1415 3385 non
1474 3328 1769 3386 absonum
1814 3330 2025 3402 fuerit,
2085 3337 2152 3387 ut
2200 3349 2353 3405 quae
2401 3338 2615 3389 natura

609 3432 858 3491 celticae
906 3432 1178 3508 linguae,
1229 3449 1380 3506 quae
1432 3432 1563 3504 ejus
1607 3439 1993 3488 monumenta
2041 3431 2188 3504 sint,
2240 3450 2614 3507 quaeramus.

765 3532 945 3606 Quod
997 3533 1075 3590 ad
1127 3533 1474 3590 universum
1523 3532 1684 3589 vitae
1734 3532 1959 3592 cultum
2008 3530 2316 3591 Celtarum
2365 3540 2615 3609 spectat,

611 3633 944 3693 Grimmius
996 3631 1202 3692 Celtas
1262 3632 1641 3710 elegantibus
1697 3634 1971 3693 moribus
2030 3653 2175 3693 usos
2227 3652 2362 3692 esse
2419 3650 2530 3691 nec
2578 3652 2616 3690 a

605 3734 920 3795 literarum
968 3736 1166 3813 gratia
1211 3734 1602 3793 abhorruisse
1648 3745 1854 3794 censet
1883 3735 1963 3811 1);
2022 3754 2213 3812 neque
2267 3735 2615 3793 commercii

608 3837 986 3911 societatem,
1036 3856 1228 3914 neque
1279 3844 1439 3898 artes
1487 3836 1566 3895 ad
1602 3837 1898 3895 humanae
1944 3837 2105 3896 vitae
2146 3835 2438 3893 utilitates
2478 3853 2615 3910 per-

711 4065 753 4116 ι)
778 4064 871 4104 Jae.
897 4063 1076 4116 crima,
1102 4064 1307 4105 deutsche
1334 4064 1611 4115 mythologie.
1636 4065 1669 4105 1.
1694 4050 1738 4115 p.
1763 4062 1916 4106 xxv1.
