3028 5138
1152 544 1684 612 -29—

565 711 717 771 Nec·
734 731 956 789 parvus
996 732 1278 772 numerus
1314 714 1637 772 verborum
1679 733 1756 772 ex
1788 713 2109 790 participio
2136 731 2416 790 praesen-

414 815 493 873 tis
535 822 595 872 et
633 815 946 889 praeteriti
985 816 1277 892 temporis
1316 815 1565 892 fingitur
1586 815 1655 890 1).

566 916 1005 994 Frequentiora
1028 926 1227 976 tamen
1254 918 1552 983 vocabula
1587 925 1727 976 sunt
1752 935 1830 975 ex
1858 916 2213 993 imperativo
2242 925 2418 995 atque

408 1019 714 1095 praesenti
755 1027 1023 1093 tempore
1051 1019 1331 1092 deducta,
1381 1040 1534 1096 quae
1574 1019 1856 1097 analogia
1900 1019 2186 1079 similium
2226 1028 2444 1076 teut0-»

408 1121 683 1178 nieorum
710 1120 1118 1196 exemplorum
1145 1129 1344 1179 tuetur
1363 1120 1434 1195 2).
1499 1120 1638 1178 Hoc
1676 1123 1740 1178 in
1778 1121 2171 1180 derivationis
2200 1140 2418 1197 genere

394 1239 591 1296 ,saepe
631 1222 973 1297 imperativi
1002 1223 1254 1279 duorum
1304 1223 1625 1280 verborum
1654 1223 2028 1298 copulantur,
2068 1231 2161 1279 ut:
2208 1223 2258 1279 le
2282 1223 2417 1294 jou-
2480 1207 2483 1210 ⁴

397 1322 612 1396 jou¹(i.
642 1342 703 1379 e-
726 1321 1087 1397 joue-joue),
1128 1324 1176 1380 le
1209 1342 1593 1397 passe-passe,
1633 1324 1682 1380 le
1721 1324 2125 1397 chantepleure‚
2165 1332 2269 1380 aut
2307 1311 2416 1380 im-

408 1424 712 1499 perativus
744 1417 841 1482 yel
880 1424 1228 1500 plerumque
1258 1443 1545 1500 praesens
1585 1433 1818 1500 tempus
1865 1443 1998 1482 cum
2040 1425 2445 1483 substantivo

409 1526 793 1602 conjungitur
812 1525 882 1600 3).
941 1525 1234 1610 Extrema
1251 1527 1400 1584 haec
1419 1527 1702 1584 formatio
1729 1527 2023 1585 latissime
2051 1527 2114 1583 in
2143 1545 2418 1584 sermone

409 1626 647 1703 vulgari
670 1635 880 1702 -patet,
928 1639 1106 1707 atque
1145 1648 1324 1686 unam
1357 1631 1583 1703 justam
1625 1628 2083 1704 compositionis
2122 1629 2419 1686 rationem

408 1728 919 1805 franco-gallicae
958 1731 1200 1808 linguae
1241 1731 1442 1793 efficit.
1481 1762 1559 1771 —
1604 1729 1815 1807 Itaque
1855 1731 1919 1787 in
1955 1730 2192 1807 vulgari
2233 1730 2446 1787 collo·-

410 1831 552 1906 quio
580 1831 768 1888 verba
806 1833 917 1890 hac
957 1833 1190 1890 ratione
1225 1833 1366 1890 ficta
1399 1831 1761 1890 creberrime
1790 1831 1986 1888 audiri
2015 1840 2288 1907 possunt,
2332 1839 2417 1888 ut:

412 1931 824 2006 brzile-yueule,
859 1952 1028 2007 passe
1041 1944 1331 2008 -partout,
1368 1934 1783 2008 porte-senine,
1826 1934 2250 2002 tire-bouchon,
2284 1936 2415 1990 tire-

411 2033 569 2102 botte,
609 2035 950 2108 ocupa-tete,
988 2037 1363 2109 porte-dinei·
1410 2042 1522 2093 etc.
1570 2068 1646 2077 —
1694 2034 1791 2093 Ne
1831 2034 2136 2094 scribendi
2176 2033 2415 2109 quidem

410 2135 711 2212 elegantia
748 2137 859 2194 has
899 2136 1124 2195 formas
1164 2137 1443 2213 respuit..

560 2236 849 2296 Rariores
897 2246 1037 2296 sunt
1081 2238 1474 2298 formationes
1522 2239 1700 2315 hujus
1748 2238 2014 2315 generis:
2063 2236 2415 2295 caillots-ro-

413 2347 549 2409 εατε,
590 2339 745 2398 bouts
758 2372 781 2383 -
793 2340 980 2410 rime'S,
1021 2358 1153 2416 Saye
1164 2345 1414 2416 -semma

601 2521 674 2582 Dc
711 2523 1144 2584 derivationibus
1179 2523 1529 2595 adiunctione
1565 2523 1904 2598 syllabarum
1938 2522 2215 2585 formatis.
2260 2492 2263 2495 ,

557 2647 762 2707 Verba
827 2658 887 2707 et
949 2649 1237 2725 praefixis
1305 2657 1364 2707 et
1429 2648 1665 2706 suffixis
1733 2649 1985 2725 syllabis
2051 2650 2417 2707 derivantur.

406 2746 680 2806 Franco·
693 2750 914 2827 gallica
961 2749 1171 2828 lingua
1220 2769 1429 2809 omnes
1480 2751 1606 2809 fere
1652 2750 1874 2809 latinas
1924 2749 2189 2827 syllabas
2238 2731 2428 2824 hujus*

407 2850 646 2926 generis
688 2861 958 2910 mutuata
995 2852 1229 2930 largam
1270 2872 1526 2912 messem
1567 2854 2006 2912 teutonicarum
2047 2852 2314 2928 adjecit..

557 2954 757 3030 Atque
775 2954 1263 3031 frequentissima
1281 2955 1518 3031 syllaba
1535 2955 1806 3030 praefixa
1825 2963 1918 3012 est
1938 2955 2133 3028 „miss“
2154 2978 2222 3003 =
2242 2953 2417 3027 „mes“

406 3076 474 3101 Ξ
515 3054 678 3126 „me'“
719 3063 810 3140 ut:
869 3058 1244 3114 me'connaitre
1284 3054 1719 3133 (mt'fifennen),
1760 3058 1997 3131 me'priSe
2038 3052 2416 3133 (Ψῖίῇςτίῆ),

406 3155 616 3228 me'pris
641 3152 1114 3238 (wifiachtxmg),
1154 3159 1472 3216 me'cre'ance
1501 3153 1941 3235 (ffllt'figlaube).
1974 3189 2048 3199 —
2086 3156 2291 3228 Etiam
2329 3156 2415 3213 la-

404 3256 526 3313 tius
554 3264 732 3314 antea
756 3259 952 3333 patuit
985 3277 1130 3318 usus
1158 3260 1336 3334 hujus
1365 3258 1656 3344 syllabae,
1693 3277 1872 3334 quum
1901 3276 2109 3315 omnes
2135 3257 2416 3315 notiones

406 3356 545 3416 aliis
586 3359 920 3418 contrarias
946 3359 1074 3419 hac
1115 3360 1377 3437 simplici
1417 3360 1518 3420 via
1559 3360 1893 3436 exprimere
1934 3357 2216 3417 solerent.

507 3568 548 3619 1)
575 3569 699 3610 Cous.
712 3570 988 3622 *Raynouarth
1014 3571 1157 3613 choix
1183 3573 1225 3614 d.
1242 3570 1365 3623 poen.
1383 3583 1445 3613 or.
1464 3573 1506 3613 d.
1524 3573 1685 3614 Troub.
1701 3572 1750 3623 1.‚
1777 3572 1837 3613 v1
1852 3573 1950 3623 vol„
1976 3570 2099 3613 Paris
2118 3569 2417 3620 1816—1821„

407 3640 453 3675 et
477 3636 597 3687 miei,
625 3636 706 3682 Θτ.
734 3639 771 3681 b.
800 3639 930 3681 mom.
957 3638 1066 3690 &ma
1092 3642 1148 3680 ΙΙ.

507 3728 548 3780 2)
578 3740 631 3768 ex
657 3740 713 3768 c.:
750 3730 871 3770 Habe
885 3732 1039 3780 -dank,
1066 3733 1231 3772 chr-en
1243 3755 1259 3764 ·
1271 3731 1383 3774 fried
1409 3735 1528 3787 (chre
1555 3735 1639 3774 den
1666 3732 1865 3784 frieden),
1891 3730 2143 3782 spring-ins
2156 3751 2173 3761 -
2184 3704 2293 3779 feld,
2311 3729 2415 3770 zeit-

405 3798 606 3847 vertreib,
631 3798 728 3837 lebe
738 3819 754 3828 ·
763 3798 898 3847 recht,
924 3798 1092 3839 ffirchte
1102 3822 1119 3829 -
1128 3805 1234 3851 gott,
1260 3806 1354 3841 trau
1367 3824 1384 3832 -
1397 3807 1505 3853 gott,
1532 3803 1646 3842 liebe
1658 3822 1674 3831 ·
1688 3805 1797 3849 tren,
1820 3801 1918 3840 lebe
1930 3800 2081 3841 -wth

506 3889 548 3940 3)
576 3890 670 3929 Hoc
697 3892 1028 3939 compositionis
1056 3903 1192 3942 genus
1211 3894 1416 3933 confundi
1446 3905 1534 3933 non
1553 3894 1683 3933 debet
1701 3904 1798 3938 cum
1818 3893 1995 3942 antiqua
2021 3892 2096 3931 illa
2121 3890 2304 3940 ratione,
2330 3901 2415 3940 qua

404 3967 538 4005 purae
564 3957 734 3997 radices
761 3959 1122 4009 conglutinantur.
1176 3962 1301 4011 Quod
1328 3972 1381 4000 ne
1409 3965 1662 4010 statuamus,
1687 3965 1836 4000 monet
1859 3961 1958 4009 ipsa
1984 3959 2291 4009 orthographia
2318 3970 2416 4009 par-

403 4027 471 4062 tes
497 4025 649 4063 horum
675 4027 1017 4075 compositorum
1043 4030 1272 4068 verborum
1301 4028 1540 4077 antiquitus
1566 4029 1694 4079 plane
1724 4028 1947 4077 divellenS,
1971 4038 2087 4068 nunc
2113 4027 2272 4067 lineola
2298 4030 2415 4066 certe

404 4092 651 4142 sejungens.
