3028 5138
1183 527 1712 596 ——7--

439 702 670 762 rustica
717 721 754 759 a
800 701 1110 760 literarum
1173 700 1447 758 oratione
1508 700 1572 758 in
1633 701 1764 759 dies
1823 702 2017 779 magis
2078 703 2448 778 discedebat,

439 822 623 861 causa
667 802 847 878 hujus
897 802 987 875 rei
1027 820 1105 859 ex
1143 819 1441 860 concursu
1481 804 1887 878 subjectarum
1924 805 2225 880 gentium,
2272 807 2445 865 undi-

438 924 554 982 que
592 904 847 962 Romam
888 903 1343 974 confluentium,
1394 905 1719 979 repetenda
1759 913 1867 963 est.
1946 905 2050 964 Illi
2091 907 2279 979 enim,
2331 908 2448 967 etsi

435 1007 687 1065 latinam
733 1006 1001 1082 linguam
1051 1004 1514 1079 adoptaverunt,
1565 1024 1809 1065 suarum
1857 1015 2057 1066 tamen
2105 1008 2447 1086 linguarum

436 1108 838 1184 proprietates
897 1107 986 1164 ita
1044 1106 1411 1177 inferebant,
1470 1115 1539 1165 ut
1594 1107 1865 1186 linguam
1913 1109 2202 1168 rusticam
2250 1109 2445 1185 ipsam

435 1210 892 1285 pessumdarent
902 1229 919 1279 3
977 1207 1218 1266 facilius
1268 1208 1428 1265 enim
1475 1209 1540 1265 in
1591 1209 1852 1267 alienam
1909 1210 2206 1289 linguam,
2265 1230 2444 1287 quam

435 1311 502 1369 in
541 1310 692 1368 alias
733 1310 1044 1387 cogitandi
1084 1309 1216 1367 vias
1257 1308 1554 1367 insinuari
1594 1309 1756 1368 licet.

585 1411 918 1488 Burguius,
969 1430 1152 1487 quum
1191 1427 1400 1470 sanam
1457 1411 1532 1469 de
1579 1411 1792 1488 lingua
1828 1410 2056 1469 rustica
2095 1412 2443 1488 opinionem

428 1524 495 1574 et
533 1513 785 1572 Fuchsii
834 1513 1139 1571 fictionem
1188 1512 1452 1572 conflare
1502 1512 1770 1583 studeat,
1820 1512 2081 1587 primum
2130 1511 2320 1571 multa
2368 1514 2442 1570 de

403 1618 642 1694 slingua
680 1615 908 1674 rustica
954 1615 1212 1692 profert,
1261 1613 1478 1671 deinde
1518 1612 1790 1690 vulgaris
1841 1620 1901 1671 et
1947 1613 2259 1672 literarum
2308 1633 2442 1672 ora·

430 1718 619 1778 tionis
678 1725 954 1775 naturam
1015 1716 1259 1775 differre
1317 1722 1499 1792 negat
1528 1713 1614 1788 1):
1681 1716 1848 1790 atqui
1916 1715 2058 1773 hinc
2116 1735 2238 1773 non
2297 1716 2441 1775 talis

430 1821 641 1898 lingua
684 1818 914 1877 rustica
964 1816 1250 1889 efficitur,
1305 1816 1544 1893 qualem
1593 1814 1897 1875 Fuchsius
1946 1816 2166 1888 voluit,
2216 1817 2439 1893 quippe

429 1922 535 1999 qui
598 1920 908 1980 Romanos
975 1919 1142 1977 viros
1207 1917 1571 1990 nobiliores,
1637 1926 1705 1975 ut
1764 1917 1949 1995 vulgo
2011 1936 2225 1977 sensus
2294 1937 2437 1977 suos

429 2023 752 2100 aperirent,
792 2021 1119 2096 interprete
1159 2018 1495 2096 indiguisse
1538 2019 1716 2076 dicat.

583 2124 683 2182 Ex
722 2121 1021 2191 omnibus,
1061 2139 1215 2196 quae
1243 2120 1519 2195 exposui,
1552 2122 1689 2193 jure
1726 2119 2013 2196 colligere
2050 2119 2201 2177 mihi
2226 2120 2438 2178 videor

429 2226 693 2302 reliquas
735 2224 809 2281 de
844 2222 1078 2300 origine
1118 2220 1618 2298 franco-gallicae
1655 2221 1900 2299 linguae
1942 2221 2262 2298 opiniones
2303 2239 2437 2280 esse

428 2326 805 2402 rejiciendas,
855 2324 1229 2399 probandam
1270 2322 1631 2381 sententiam
1670 2341 1884 2394 meam,
1932 2323 2035 2399 qui
2074 2321 2437 2400 franco-gal-

427 2415 608 2487 licam
652 2427 922 2502 linguam
970 2444 1008 2481 a
1055 2425 1322 2482 romanis
1374 2424 1687 2482 elementis
1738 2424 1825 2481 ita
1875 2433 2070 2482 ortam
2119 2441 2255 2481 esse
2295 2442 2436 2480 con-

428 2531 695 2600 tendam,
754 2534 822 2585 ut
869 2526 946 2584 ab
998 2526 1310 2585 elementis
1359 2526 1751 2604 germaniciS,
1804 2533 1863 2583 et
1910 2524 2340 2602 pronuntiatio
2377 2533 2437 2582 et

428 2630 853 2711 grammaticae
919 2635 1255 2687 structurae
1315 2629 1692 2698 immutatae,
1754 2635 1814 2684 et
1877 2626 2198 2692 verborum
2258 2626 2435 2701 copia

426 2742 603 2793 aucta
641 2733 746 2792 sitz
806 2730 1053 2790 celticas
1104 2748 1247 2787 vero
1288 2728 1612 2805 reliquias,
1662 2728 1715 2786 si
1756 2746 1909 2803 quae
1948 2727 2013 2784 in
2052 2725 2435 2803 franco-gal-

423 2836 564 2894 lica⁴
604 2835 816 2911 lingua
878 2831 1155 2909 indagari
1220 2831 1484 2908 possint,
1552 2831 1780 2904 majore
1838 2832 1975 2903 jure
2036 2828 2434 2906 germanicae,

425 2956 601 3015 quam
640 2936 752 2993 ulli
792 2934 900 2993 alii
938 2925 1182 3011 linguae
1221 2931 1701 2991 adnumerandas
1742 2948 1893 2989 esse.

574 3038 814 3096 Latinis
853 3038 928 3095 de
955 3036 1268 3094 elementis
1297 3032 1793 3110 franco-gallicae
1831 3033 2076 3110 linguae
2103 3049 2285 3107 quum
2304 3032 2433 3105 jam

422 3141 541 3199 viri
590 3138 928 3197 doctissimi
966 3137 1437 3213 Raynouardus,
1496 3134 1730 3205 Fallot,
1790 3132 2072 3205 Diezius,
2131 3132 2433 3190 Fuchsius

425 3243 531 3301 alii
589 3241 771 3300 latius
829 3239 1092 3316 egerint,
1161 3239 1437 3315 equidem
1505 3235 1742 3293 minore
1802 3235 2040 3293 ratione
2104 3233 2431 3292 latinorum

425 3346 856 3403 elementorum
904 3341 1114 3399 habita
1159 3339 1563 3418 germanicam
1608 3336 1904 3414 linguam,
1956 3354 2133 3413 quam
2181 3334 2306 3392 vim
2354 3334 2432 3391 ad

423 3448 647 3505 formas
697 3445 941 3523 linguae
988 3441 1501 3520 franco-gallicae
1549 3440 1861 3517 fingendas
1903 3436 2257 3510 exercuerit,
2296 3455 2430 3512 per-

424 3566 640 3627 sequar
661 3547 732 3623 2).

523 3811 563 3861 1)
591 3811 789 3860 Burgum,
816 3808 1004 3849 Gramm.
1031 3809 1085 3848 de
1112 3808 1155 3847 la
1181 3808 1295 3855 lang.
1321 3803 1436 3852 d’oss,
1461 3804 1610 3843 Berlin
1637 3802 1751 3842 1853.
1789 3802 1823 3841 1.
1848 3813 1891 3850 p.
1918 3801 1975 3840 ⁷.:
2027 3801 2089 3841 Le
2116 3801 2224 3840 latin
2250 3797 2360 3840 ecrit
2386 3804 2430 3839 et

420 3881 461 3920 le
486 3879 594 3919 latin
621 3877 812 3928 vulgaire
837 3877 995 3927 tutent,
1021 3876 1054 3916 n
1080 3879 1148 3916 est
1172 3873 1395 3926 probable,
1419 3871 1668 3921 identiques
1695 3870 1803 3910 dans
1829 3868 1895 3912 les
1921 3869 2328 3924 commencements.

522 3980 564 4032 2)
592 3979 712 4031 mica,
738 3978 935 4026 &tamna
960 3979 999 4023 t.
1025 3977 1216 4024 momen.
1242 3972 1476 4028 ὅρπαώεη,
1500 3973 1565 4013 111
1589 3973 1675 4013 vol.
1714 3972 1865 4023 moun,
1890 3955 2184 4020 1836-1844,
2209 3969 2244 4011 1.
2269 3981 2313 4020 p.
2337 3967 2402 4009 45.
