3028 5138
1379 555 1910 622 *2⁰—

908 826 981 884 De
1017 823 1348 898 germanicis
1384 822 1675 907 elementis
1709 822 1769 880 in
1803 820 2033 902 Galliam
2067 818 2382 878 translatis.

802 933 996 991 Multa
1041 931 1296 1008 denique
1347 930 1692 1007 germanica
1728 927 2025 986 vocabula
2063 928 2126 983 in
2167 927 2375 1003 lingua
2422 923 2656 982 franco-

647 1034 868 1112 gallica
906 1034 1311 1110 reperiuntur,
1363 1024 1513 1108 quae
1564 1049 1640 1088 ex
1680 1030 1815 1108 ipsa
1854 1026 2185 1087 Germania
2223 1028 2457 1085 duobus
2507 1034 2652 1090 tem-

646 1136 897 1212 poribus
958 1137 1345 1210 irrepserunt.
1445 1131 1889 1209 Antiquissima
1948 1130 2106 1187 enim
2167 1130 2472 1187 teutonica
2534 1147 2656 1184 una

647 1255 782 1293 cum
822 1235 1182 1312 germanicis
1225 1234 1503 1312 gentibus
1547 1252 1619 1290 eo
1661 1241 1957 1309 tempore,
2008 1250 2125 1309 quo
2172 1229 2383 1309 lingua
2420 1230 2654 1287 franco-

544 1372 549 1379 ·
647 1337 868 1416 gallica
916 1336 1250 1408 ebullabat,
1310 1335 1822 1411 immigraverunt.
1912 1333 2083 1407 Quae
2134 1332 2337 1390 omnia
2392 1331 2517 1388 fere
2579 1348 2656 1387 ex

646 1439 892 1515 gothica
938 1446 998 1494 et
1043 1436 1627 1513 antiquo-teutonica
1663 1435 1874 1512 lingua
1910 1435 2183 1511 profecta
2222 1441 2378 1491 sunt.
2416 1465 2491 1473 —
2529 1431 2654 1490 Po·

649 1549 780 1597 stea
826 1558 970 1597 vero
1018 1537 1357 1596 Normanni
1407 1556 1567 1594 nova
1615 1536 1910 1593 elementa
1957 1554 2035 1593 ex
2082 1531 2655 1610 septentrionalibus

649 1638 1013 1698 Germaniae
1075 1638 1349 1695 dialectis
1409 1637 1682 1714 profecta
1746 1637 2101 1706 intulerunt3
2169 1635 2426 1706 accedit,
2495 1632 2654 1710 quod

646 1741 967 1816 pleraeque
1027 1739 1262 1796 radices
1323 1738 1553 1813 amplas
1615 1737 2021 1796 derivatorum
2071 1745 2130 1794 et
2185 1736 2654 1812 compositorum

646 1840 966 1898 verborum
1007 1839 1269 1897 familias
1308 1846 1803 1914 procreaverunt3
1852 1839 1916 1895 in
1957 1837 2257 1913 glossario
2298 1844 2495 1894 autem
2534 1835 2656 1910 pri-

646 1942 858 2000 mitiva
894 1942 1141 1999 laudare
1182 1941 1331 1998 satis
1370 1938 1709 1997 habuimus.

800 2038 1272 2101 Teutonicorum
1295 2041 1617 2099 verborum
1645 2041 1923 2118 egregius
1951 2041 2126 2119 vigor
2153 2041 2404 2100 multum
2431 2040 2654 2099 discre-

646 2155 752 2222 pat
790 2146 866 2203 ab
906 2144 1128 2202 inertia
1162 2142 1482 2200 verborum
1524 2143 1858 2201 alienorum
1895 2144 2245 2203 novissimis
2285 2142 2656 2220 temporibus

647 2254 1053 2321 acceptorum3
1091 2244 1248 2301 unde
1274 2244 1473 2319 quivis
1510 2243 1851 2320 intelligere
1877 2254 2081 2322 potest
2106 2245 2449 2322 germanica
2472 2243 2659 2303 verba

638 2350 766 2421 jam
807 2353 985 2403 antea
1032 2346 1095 2401 in
1134 2344 1346 2421 lingua
1383 2344 1861 2420 franco-gallica
1896 2346 2087 2404 fuisse
2125 2345 2456 2421 formisque
2485 2361 2655 2402 suam

645 2454 850 2505 notam
890 2447 1272 2522 impressisse
1295 2444 1364 2519 1).
1460 2443 1631 2502 Haec
1682 2445 1839 2503 enim
1891 2466 2011 2505 non
2061 2447 2242 2505 modo
2276 2463 2423 2503 raro
2464 2462 2653 2502 novas
2687 2484 2690 2487 Δ

646 2549 1066 2625 derivatasque
1106 2546 1331 2605 formas
1374 2546 1681 2620 emittunt,
1731 2548 1837 2607 sed
1878 2549 2059 2608 etiam
2107 2549 2392 2626 pleraque
2433 2566 2510 2606 ex
2547 2546 2654 2604 ho-

645 2658 820 2709 nesto
880 2668 1061 2708 sensu
1129 2650 1193 2706 in
1262 2649 1593 2726 ignobilem
1660 2657 1720 2707 et
1782 2652 2089 2709 sordidam
2156 2649 2656 2728 significationem

554 2753 559 2762 ’
645 2753 886 2809 detorta
940 2757 1096 2809 sunt.
1144 2782 1221 2792 —
1272 2749 1648 2827 Quamquam
1707 2753 1862 2811 hanc
1919 2753 2203 2827 injuriam
2264 2769 2471 2808 omnes
2529 2750 2654 2807 fere

644 2852 888 2927 linguae
929 2851 1145 2908 alienis
1185 2850 1388 2908 verbis
1427 2850 1712 2923 inferunt,
1754 2853 1842 2910 sic
1881 2853 2214 2911 teutonica:
2260 2851 2429 2927 bertr
2470 2848 2654 2928 sst'ppep

644 2950 822 3026 &an
864 2950 1084 3024 fflhmb,
1125 2949 1255 3026 §Rufi
1301 2952 1457 3009 hanc
1503 2951 1568 3008 in
1609 2952 1969 3010 deteriorem
2011 2953 2512 3030 significationem
2555 2952 2653 3008 de-

646 3054 805 3112 flexa
852 3062 1015 3112 sunt:
1073 3071 1151 3109 un
1195 3071 1415 3126 pauvre
1462 3052 1617 3122 llere,
1655 3055 1818 3128 faire
1868 3055 1926 3112 la
1974 3055 2153 3131 lippe,
2203 3055 2372 3113 lande
2419 3057 2653 3130 mamre,

635 3157 799 3230 faire
837 3155 897 3212 la
935 3172 1112 3224 moue,
1150 3173 1257 3210 une
1294 3154 1471 3211 vieille
1508 3148 1676 3213 'ro-sse.

802 3254 871 3315 Si
911 3256 1046 3333 quis
1086 3255 1429 3333 germanica
1465 3256 1763 3315 vocabula
1798 3256 2275 3333 perlustraverit,
2313 3278 2436 3317 non
2475 3257 2655 3317 modo

647 3357 1121 3435 suppellectilem
1151 3355 1347 3413 omnis
1377 3357 1635 3432 generiS,
1674 3359 1780 3416 sed
1807 3359 1986 3416 etiam
2015 3359 2355 3436 voluptates
2384 3360 2654 3418 dolores-

646 3480 790 3536 que,
858 3476 1065 3516 omnes
1126 3456 1382 3533 denique
1442 3458 1829 3533 quotidianae
1887 3461 2047 3519 vitae
2113 3462 2491 3520 conditiones
2551 3479 2652 3519 ex-

643 3577 887 3635 pressas
927 3557 1189 3616 videbit.⁴
1261 3559 1320 3615 A
1368 3557 1577 3617 latinis
1625 3560 1912 3620 differunt
1956 3563 2238 3639 populari
2287 3564 2543 3640 quadam
2594 3570 2655 3620 et

642 3660 789 3717 forti
829 3659 1060 3717 natura.
1126 3658 1169 3716 ‚J
1172 3677 1269 3716 am
1307 3676 1387 3718 ex
1424 3659 1522 3718 his
1549 3661 1751 3720 verbis
1792 3664 2194 3741 germanicam
2233 3664 2501 3742 linguam
2528 3683 2654 3721 non

640 3779 889 3837 parvam
927 3761 1051 3818 vim
1101 3761 1177 3818 ad
1226 3760 1732 3838 franco-gallicas
1781 3763 2007 3823 formas
2056 3763 2435 3826 excudendas
2485 3783 2654 3823 exer-

642 3861 841 3921 cuisse
882 3861 1091 3939 colligi
1128 3866 1347 3938 potest.
1362 3855 1379 3921 ’.

741 4089 782 4141 1)
807 4088 930 4140 mm,
956 4088 1037 4135 <Br-
1064 4090 1103 4135 Β.
1129 4089 1259 4135 mom·
1285 4087 1411 4143 ἔφη,
1435 4089 1492 4132 11.
1519 4101 1562 4142 p.
1587 4089 1678 4133 228.
